4598 6112
398 490 501 589 982
685 518 697 580 1
733 492 792 584 Τ.
860 490 1293 599 LUCRETII
1360 494 1573 595 CARI

400 752 592 856 Manat
607 757 730 857 item
754 753 901 858 nobis
927 795 954 856 e
978 778 1087 857 toto
1112 794 1323 896 corpore
1349 759 1522 884 sudor,

402 931 595 1035 Crescit
621 934 795 1055 barba,
822 934 1020 1074 pilique
1045 972 1139 1073 per
1155 936 1326 1036 omnia
1345 937 1589 1059 membra,
1609 976 1704 1076 per
1728 961 1898 1043 artus:

400 1107 615 1213 Diditur
640 1113 692 1215 in
712 1151 864 1216 venas
888 1111 1033 1214 cibus
1060 1111 1272 1231 omneis,
1300 1135 1456 1251 auget
1480 1115 1675 1253 alitque

403 1283 644 1425 Corporis
669 1310 920 1388 extremas
945 1323 1154 1425 quoque
1180 1288 1384 1423 parteis,
1412 1290 1835 1428 unguiculonque.

400 1459 584 1600 Frigus
610 1464 730 1563 item
757 1463 973 1570 transire
998 1498 1093 1598 per
1118 1498 1202 1581 ωε,
1231 1463 1559 1603 calidumque
1585 1503 1828 1602 vaporem

366 1634 368 1639 ⁸
402 1636 689 1741 Sentimus:
730 1641 976 1741 sentimus
1001 1639 1124 1748 item
1149 1642 1363 1746 transire
1389 1679 1709 1779 peraurum,

399 1814 574 1953 Atque
599 1853 692 1953 per
717 1836 1003 1954 argentum,
1031 1853 1189 1954 quom
1215 1817 1399 1952 pocula
1424 1817 1578 1955 plena
1604 1839 1851 1927 tenemus.

401 1985 645 2129 Denique
673 2028 767 2128 per
791 1989 1016 2127 dissepta
1040 1989 1307 2092 domorum
1333 2030 1484 2101 saxea
1509 2030 1656 2097 voces

402 2161 730 2288 Pervolitant‚
756 2187 1023 2304 permanat
1046 2165 1187 2287 odos,
1214 2165 1498 2310 frigusque,
1525 2205 1786 2306 vaposque

259 2394 262 2398 Δ
318 2471 321 2479 ¹
368 2374 370 2381 ⁴
402 2339 574 2480 Ignis:
616 2344 741 2481 quin
768 2342 889 2443 ferri
915 2315 1125 2481 qnoque
1151 2345 1251 2446 vim
1276 2368 1546 2482 penetrare
1577 2345 1760 2465 suevit,

402 2515 653 2656 Undique
679 2557 785 2657 qna
810 2519 999 2627 circum
1026 2557 1212 2657 corpus
1237 2519 1393 2620 lorica
1418 2542 1631 2640 coercet,

404 2688 649 2793 Morbida
673 2696 747 2795 vis
773 2731 1098 2832 qnaecunque
1125 2698 1437 2798 extrinsecus
1462 2697 1686 2805 insinuat
1725 2735 1765 2809 r.

402 2866 474 2971 Et
498 2893 825 3010 tempestates
848 2892 984 2971 terra
1008 2870 1239 3009 coeloque
1266 2894 1452 2973 coortae

402 3045 449 3147 E
472 3047 598 3148 coelo
623 3071 805 3148 emotae
830 3069 1072 3187 terraque
1098 3069 1310 3185 repente
1335 3046 1605 3167 facessunt,
1663 3137 1671 3146 .

403 3217 839 3361 Quandoquidem
863 3221 991 3348 nihil
1018 3244 1110 3343 est,
1138 3257 1242 3329 non
1268 3259 1382 3329 raro
1407 3259 1619 3357 corpore
1645 3261 1853 3335 nexum.

432 3387 434 3392 η
473 3396 594 3500 Huc
620 3399 832 3519 aceedit,
860 3399 936 3499 uti
962 3437 1063 3499 non
1090 3399 1261 3508 omnia
1285 3436 1405 3537 quae
1423 3397 1688 3535 jaciuntur
1797 3494 1802 3500 ,

404 3571 634 3712 Corpora
660 3568 868 3714 cunque
893 3573 957 3676 ab
983 3573 1152 3695 rebus,
1178 3573 1359 3674 eodem
1384 3572 1602 3711 praedita
1629 3612 1779 3679 sensu
1889 3680 1896 3697 ‚

401 3750 576 3888 Atque
603 3749 785 3852 eodem
811 3774 962 3888 pacto
988 3748 1140 3852 rebus
1167 3752 1269 3851 sint
1291 3747 1529 3851 omnibus
1555 3773 1691 3888 apta.
1852 3770 1857 3783 '

402 3926 679 4066 Principi0,
705 3950 894 4031 terram
919 3927 993 4027 sol
1020 3924 1277 4067 excoquit,
1306 3924 1504 4027 etfacit
1529 3964 1646 4033 are:

399 4103 473 4208 At
497 4104 712 4242 glaciem
738 4102 981 4223 dissolvit,
1009 4123 1062 4203 et
1085 4104 1199 4205 altis
1226 4099 1487 4212 montibus
1512 4102 1614 4203 alte

404 4280 704 4385 Exstrnctas
730 4280 965 4419 ningueis
990 4280 1144 4383 radiis
1169 4277 1426 4387 tabescere
1452 4279 1619 4413 eogit3

398 4458 642 4597 Denique
668 4496 782 4560 cera
808 4458 1044 4597 liquescit
1067 4460 1121 4562 in
1147 4458 1256 4596 ejus
1282 4463 1427 4597 pdsta
1445 4495 1665 4596 vapore;

400 4634 545 4775 Ignis
570 4636 693 4736 item
719 4634 975 4773 liquidum
1001 4634 1124 4736 facit
1149 4610 1551 4773 assumamque
1577 4635 1818 4743 resolvit:
1968 4714 1972 4733 .

401 4811 475 4913 At
500 4812 635 4912 coria
660 4834 711 4912 ct
736 4850 938 4928 carnem
964 4811 1123 4914 trahit
1145 4833 1200 4917 et
1224 4809 1470 4913 conducit
1493 4811 1545 4912 in
1572 4849 1749 4920 unum.

401 4989 453 5091 H
462 5027 605 5088 nmor
630 5029 780 5130 aqum
805 5027 958 5128 porro
984 4989 1176 5091 ferrum
1203 4987 1453 5093 condurat
1479 4985 1543 5086 ab
1569 4988 1694 5127 igni,

400 5173 474 5273 At
499 5168 633 5271 coria
655 5194 707 5272 et
731 5195 933 5271 carnem
958 5166 1125 5268 mollit
1149 5164 1334 5269 durata
1358 5164 1554 5271 calore:
