<?xml version="1.0" encoding="UTF-8"?>
<!DOCTYPE html PUBLIC "-//W3C//DTD XHTML 1.0 Transitional//EN"
    "http://www.w3.org/TR/xhtml1/DTD/xhtml1-transitional.dtd">
<html xmlns="http://www.w3.org/1999/xhtml" xml:lang="en" lang="en">
 <head>
  <title>
</title>
<meta http-equiv="Content-Type" content="text/html;charset=utf-8" />
  <meta name='ocr-system' content='tesseract 3.04.00' />
  <meta name='ocr-capabilities' content='ocr_page ocr_carea ocr_par ocr_line ocrx_word'/>
</head>
<body>
  <div class='ocr_page' id='page_1' title='image "./titilucretiicar05carugoog_0216.png"; bbox 0 0 4620 6106; ppageno 0'>
   <div class='ocr_carea' id='block_1_1' title="bbox 701 423 1819 603">
    <p class='ocr_par' dir='ltr' id='par_1_1' title="bbox 701 423 1819 603">
     <span class='ocr_line' id='line_1_1' title="bbox 701 423 1819 603; baseline 0.005 -25"><span class='ocrx_word' id='word_1_1' title='bbox 701 423 976 580; x_wconf 74' lang='lat' dir='ltr'><strong>uranu</strong></span> <span class='ocrx_word' id='word_1_2' title='bbox 1041 490 1447 585; x_wconf 74' lang='lat' dir='ltr'><strong>ourn&#39;rus·</strong></span> <span class='ocrx_word' id='word_1_3' title='bbox 1716 490 1819 603; x_wconf 73' lang='lat' dir='ltr'><strong>nor</strong></span> 
     </span>
    </p>
   </div>
   <div class='ocr_carea' id='block_1_2' title="bbox 327 749 1570 890">
    <p class='ocr_par' dir='ltr' id='par_1_2' title="bbox 327 749 1570 890">
     <span class='ocr_line' id='line_1_2' title="bbox 327 749 1570 890; baseline 0.002 -40"><span class='ocrx_word' id='word_1_4' title='bbox 327 749 590 889; x_wconf 84' lang='lat' dir='ltr'><strong>Significat</strong></span> <span class='ocrx_word' id='word_1_5' title='bbox 614 749 759 886; x_wconf 86' lang='lat' dir='ltr'><strong>po&#39;nti</strong></span> <span class='ocrx_word' id='word_1_6' title='bbox 785 786 935 867; x_wconf 87' lang='lat' dir='ltr'><strong>mare,</strong></span> <span class='ocrx_word' id='word_1_7' title='bbox 963 773 1099 849; x_wconf 86' lang='lat' dir='ltr'><strong>certo</strong></span> <span class='ocrx_word' id='word_1_8' title='bbox 1126 751 1265 890; x_wconf 90' lang='lat' dir='ltr'><strong>quod</strong></span> <span class='ocrx_word' id='word_1_9' title='bbox 1292 753 1408 852; x_wconf 87' lang='lat' dir='ltr'><strong>fluit</strong></span> <span class='ocrx_word' id='word_1_10' title='bbox 1426 777 1570 873; x_wconf 85' lang='lat' dir='ltr'><strong>aestu,</strong></span> 
     </span>
    </p>
   </div>
   <div class='ocr_carea' id='block_1_3' title="bbox 196 918 1810 5247">
    <p class='ocr_par' dir='ltr' id='par_1_3' title="bbox 322 918 1512 1061">
     <span class='ocr_line' id='line_1_3' title="bbox 322 918 1512 1061; baseline -0.002 -30"><span class='ocrx_word' id='word_1_11' title='bbox 322 925 501 1032; x_wconf 76' lang='lat' dir='ltr'><strong>,Unum</strong></span> <span class='ocrx_word' id='word_1_12' title='bbox 526 922 732 1024; x_wconf 89' lang='lat' dir='ltr'><strong>labendi</strong></span> <span class='ocrx_word' id='word_1_13' title='bbox 759 960 1055 1024; x_wconf 87' lang='lat' dir='ltr'><strong>conservans</strong></span> <span class='ocrx_word' id='word_1_14' title='bbox 1081 918 1244 1061; x_wconf 85' lang='lat' dir='ltr'><strong>usque</strong></span> <span class='ocrx_word' id='word_1_15' title='bbox 1270 947 1512 1029; x_wconf 88' lang='lat' dir='ltr'><strong>tenorem.</strong></span> 
     </span>
    </p>

    <p class='ocr_par' dir='ltr' id='par_1_4' title="bbox 315 1098 1810 2457">
     <span class='ocr_line' id='line_1_4' title="bbox 394 1098 1763 1236; baseline 0.004 -37"><span class='ocrx_word' id='word_1_16' title='bbox 394 1098 623 1199; x_wconf 91' lang='lat' dir='ltr'><strong>Motibus</strong></span> <span class='ocrx_word' id='word_1_17' title='bbox 649 1119 898 1197; x_wconf 83' lang='lat' dir='ltr'>astrorum</span> <span class='ocrx_word' id='word_1_18' title='bbox 922 1137 1057 1200; x_wconf 91' lang='lat' dir='ltr'><strong>nunc</strong></span> <span class='ocrx_word' id='word_1_19' title='bbox 1085 1138 1202 1236; x_wconf 85' lang='lat' dir='ltr'><strong>quae</strong></span> <span class='ocrx_word' id='word_1_20' title='bbox 1229 1100 1293 1198; x_wconf 89' lang='lat' dir='ltr'><strong>sit</strong></span> <span class='ocrx_word' id='word_1_21' title='bbox 1317 1138 1481 1219; x_wconf 88' lang='lat' dir='ltr'><strong>causa,</strong></span> <span class='ocrx_word' id='word_1_22' title='bbox 1511 1139 1763 1205; x_wconf 89' lang='lat' dir='ltr'><strong>canamus.</strong></span> 
     </span>
     <span class='ocr_line' id='line_1_5' title="bbox 322 1271 1450 1410; baseline 0 -38"><span class='ocrx_word' id='word_1_23' title='bbox 322 1271 595 1410; x_wconf 90' lang='lat' dir='ltr'><strong>Principio,</strong></span> <span class='ocrx_word' id='word_1_24' title='bbox 624 1308 837 1408; x_wconf 87' lang='lat' dir='ltr'><strong>maguus</strong></span> <span class='ocrx_word' id='word_1_25' title='bbox 864 1272 975 1370; x_wconf 87' lang='lat' dir='ltr'><strong>coeli</strong></span> <span class='ocrx_word' id='word_1_26' title='bbox 1001 1273 1039 1370; x_wconf 93' lang='lat' dir='ltr'><strong>si</strong></span> <span class='ocrx_word' id='word_1_27' title='bbox 1061 1275 1274 1373; x_wconf 89' lang='lat' dir='ltr'><strong>vertitur</strong></span> <span class='ocrx_word' id='word_1_28' title='bbox 1298 1274 1450 1393; x_wconf 89' lang='lat' dir='ltr'><strong>orbis,</strong></span> 
     </span>
     <span class='ocr_line' id='line_1_6' title="bbox 321 1445 1572 1589; baseline -0.001 -41"><span class='ocrx_word' id='word_1_29' title='bbox 321 1446 402 1548; x_wconf 85' lang='lat' dir='ltr'><strong>Ex</strong></span> <span class='ocrx_word' id='word_1_30' title='bbox 427 1472 645 1589; x_wconf 89' lang='lat' dir='ltr'><strong>utraque</strong></span> <span class='ocrx_word' id='word_1_31' title='bbox 671 1447 846 1585; x_wconf 91' lang='lat' dir='ltr'><strong>polum</strong></span> <span class='ocrx_word' id='word_1_32' title='bbox 872 1445 1003 1580; x_wconf 88' lang='lat' dir='ltr'><strong>parti</strong></span> <span class='ocrx_word' id='word_1_33' title='bbox 1029 1482 1259 1581; x_wconf 86' lang='lat' dir='ltr'><strong>premere</strong></span> <span class='ocrx_word' id='word_1_34' title='bbox 1285 1450 1401 1546; x_wconf 71' lang='lat' dir='ltr'><strong>aera</strong></span> <span class='ocrx_word' id='word_1_35' title='bbox 1426 1446 1572 1547; x_wconf 89' lang='lat' dir='ltr'><strong>nobis</strong></span> 
     </span>
     <span class='ocr_line' id='line_1_7' title="bbox 321 1621 1810 1764; baseline -0.001 -38"><span class='ocrx_word' id='word_1_36' title='bbox 321 1624 612 1726; x_wconf 87' lang='lat' dir='ltr'><strong>Dicendum</strong></span> <span class='ocrx_word' id='word_1_37' title='bbox 631 1646 722 1742; x_wconf 88' lang='lat' dir='ltr'><strong>est,</strong></span> <span class='ocrx_word' id='word_1_38' title='bbox 740 1642 985 1755; x_wconf 85' lang='lat' dir='ltr'><strong>extraque</strong></span> <span class='ocrx_word' id='word_1_39' title='bbox 1007 1641 1196 1741; x_wconf 90' lang='lat' dir='ltr'><strong>tenere,</strong></span> <span class='ocrx_word' id='word_1_40' title='bbox 1215 1644 1265 1720; x_wconf 87' lang='lat' dir='ltr'><strong>et</strong></span> <span class='ocrx_word' id='word_1_41' title='bbox 1279 1621 1512 1722; x_wconf 84' lang='lat' dir='ltr'><strong>claudere</strong></span> <span class='ocrx_word' id='word_1_42' title='bbox 1529 1624 1810 1764; x_wconf 77' lang='lat' dir='ltr'><strong>utrimque3</strong></span> 
     </span>
     <span class='ocr_line' id='line_1_8' title="bbox 322 1780 1802 1932; baseline -0.003 -33"><span class='ocrx_word' id='word_1_43' title='bbox 322 1780 451 1899; x_wconf 90' lang='lat' dir='ltr'><strong>Inde</strong></span> <span class='ocrx_word' id='word_1_44' title='bbox 477 1801 632 1899; x_wconf 91' lang='lat' dir='ltr'><strong>alium</strong></span> <span class='ocrx_word' id='word_1_45' title='bbox 659 1833 841 1932; x_wconf 86' lang='lat' dir='ltr'><strong>supera</strong></span> <span class='ocrx_word' id='word_1_46' title='bbox 867 1794 1041 1915; x_wconf 90' lang='lat' dir='ltr'><strong>fluere,</strong></span> <span class='ocrx_word' id='word_1_47' title='bbox 1069 1818 1225 1931; x_wconf 86' lang='lat' dir='ltr'><strong>atque</strong></span> <span class='ocrx_word' id='word_1_48' title='bbox 1250 1796 1513 1895; x_wconf 82' lang='lat' dir='ltr'><strong>intendere</strong></span> <span class='ocrx_word' id='word_1_49' title='bbox 1539 1797 1733 1919; x_wconf 89' lang='lat' dir='ltr'><strong>eodem,</strong></span> <span class='ocrx_word' id='word_1_50' title='bbox 1800 1890 1802 1894; x_wconf 84' lang='grc'><em>,</em></span> 
     </span>
     <span class='ocr_line' id='line_1_9' title="bbox 318 1967 1546 2093; baseline -0.002 -20"><span class='ocrx_word' id='word_1_51' title='bbox 318 1971 437 2093; x_wconf 84' lang='lat' dir='ltr'><strong>Quo</strong></span> <span class='ocrx_word' id='word_1_52' title='bbox 463 1971 708 2073; x_wconf 88' lang='lat' dir='ltr'><strong>volvenda</strong></span> <span class='ocrx_word' id='word_1_53' title='bbox 733 1969 921 2068; x_wconf 84' lang='lat' dir='ltr'><strong>micant</strong></span> <span class='ocrx_word' id='word_1_54' title='bbox 946 1968 1127 2079; x_wconf 85' lang='lat' dir='ltr'><strong>alterni</strong></span> <span class='ocrx_word' id='word_1_55' title='bbox 1154 1967 1317 2068; x_wconf 87' lang='lat' dir='ltr'><strong>sidera</strong></span> <span class='ocrx_word' id='word_1_56' title='bbox 1341 1970 1546 2070; x_wconf 90' lang='lat' dir='ltr'><strong>muudi:</strong></span> 
     </span>
     <span class='ocr_line' id='line_1_10' title="bbox 317 2141 1629 2280; baseline -0.002 -33"><span class='ocrx_word' id='word_1_57' title='bbox 317 2149 413 2247; x_wconf 91' lang='lat' dir='ltr'><strong>Ast</strong></span> <span class='ocrx_word' id='word_1_58' title='bbox 437 2147 592 2249; x_wconf 90' lang='lat' dir='ltr'><strong>alium</strong></span> <span class='ocrx_word' id='word_1_59' title='bbox 622 2144 810 2261; x_wconf 85' lang='lat' dir='ltr'><strong>subter,</strong></span> <span class='ocrx_word' id='word_1_60' title='bbox 837 2167 1008 2242; x_wconf 90' lang='lat' dir='ltr'><strong>contra</strong></span> <span class='ocrx_word' id='word_1_61' title='bbox 1038 2144 1127 2280; x_wconf 87' lang='lat' dir='ltr'><strong>qui</strong></span> <span class='ocrx_word' id='word_1_62' title='bbox 1152 2141 1400 2244; x_wconf 89' lang='lat' dir='ltr'><strong>subvehat</strong></span> <span class='ocrx_word' id='word_1_63' title='bbox 1424 2143 1629 2270; x_wconf 82' lang='lat' dir='ltr'><strong>orbem3</strong></span> 
     </span>
     <span class='ocr_line' id='line_1_11' title="bbox 315 2310 1694 2457; baseline -0.003 -34"><span class='ocrx_word' id='word_1_64' title='bbox 315 2320 392 2423; x_wconf 93' lang='lat' dir='ltr'><strong>Ut</strong></span> <span class='ocrx_word' id='word_1_65' title='bbox 414 2324 595 2425; x_wconf 86' lang='lat' dir='ltr'><strong>fluvios</strong></span> <span class='ocrx_word' id='word_1_66' title='bbox 621 2310 817 2421; x_wconf 86' lang='lat' dir='ltr'><strong>versare</strong></span> <span class='ocrx_word' id='word_1_67' title='bbox 845 2343 978 2421; x_wconf 86' lang='lat' dir='ltr'><strong>rotas</strong></span> <span class='ocrx_word' id='word_1_68' title='bbox 1005 2340 1159 2457; x_wconf 89' lang='lat' dir='ltr'><strong>atque</strong></span> <span class='ocrx_word' id='word_1_69' title='bbox 1187 2315 1393 2417; x_wconf 88' lang='lat' dir='ltr'><strong>haustra</strong></span> <span class='ocrx_word' id='word_1_70' title='bbox 1416 2317 1662 2421; x_wconf 79' lang='lat' dir='ltr'><strong>videmus,</strong></span> <span class='ocrx_word' id='word_1_71' title='bbox 1692 2450 1694 2454; x_wconf 11' lang='lat' dir='ltr'>y</span> 
     </span>
    </p>

    <p class='ocr_par' dir='ltr' id='par_1_5' title="bbox 196 2494 1799 5247">
     <span class='ocr_line' id='line_1_12' title="bbox 386 2494 1785 2640; baseline 0 -44"><span class='ocrx_word' id='word_1_72' title='bbox 386 2495 479 2596; x_wconf 90' lang='lat' dir='ltr'><strong>Est</strong></span> <span class='ocrx_word' id='word_1_73' title='bbox 504 2499 654 2597; x_wconf 90' lang='lat' dir='ltr'><strong>etiam</strong></span> <span class='ocrx_word' id='word_1_74' title='bbox 681 2497 992 2640; x_wconf 73' lang='lat' dir='ltr'><strong>quoque,uti</strong></span> <span class='ocrx_word' id='word_1_75' title='bbox 1019 2495 1177 2631; x_wconf 84' lang='lat' dir='ltr'><strong>possit</strong></span> <span class='ocrx_word' id='word_1_76' title='bbox 1200 2494 1379 2593; x_wconf 88' lang='lat' dir='ltr'><strong>coelum</strong></span> <span class='ocrx_word' id='word_1_77' title='bbox 1408 2532 1556 2595; x_wconf 91' lang='lat' dir='ltr'><strong>omne</strong></span> <span class='ocrx_word' id='word_1_78' title='bbox 1583 2533 1785 2597; x_wconf 89' lang='lat' dir='ltr'><strong>manere</strong></span> 
     </span>
     <span class='ocr_line' id='line_1_13' title="bbox 316 2666 1659 2810; baseline 0.001 -42"><span class='ocrx_word' id='word_1_79' title='bbox 316 2666 377 2769; x_wconf 90' lang='lat' dir='ltr'><strong>In</strong></span> <span class='ocrx_word' id='word_1_80' title='bbox 406 2671 635 2792; x_wconf 89' lang='lat' dir='ltr'><strong>statione,</strong></span> <span class='ocrx_word' id='word_1_81' title='bbox 662 2694 830 2773; x_wconf 93' lang='lat' dir='ltr'><strong>tamen</strong></span> <span class='ocrx_word' id='word_1_82' title='bbox 858 2707 1012 2810; x_wconf 88' lang='lat' dir='ltr'><strong>quom</strong></span> <span class='ocrx_word' id='word_1_83' title='bbox 1039 2667 1211 2768; x_wconf 90' lang='lat' dir='ltr'><strong>lucida</strong></span> <span class='ocrx_word' id='word_1_84' title='bbox 1235 2668 1378 2804; x_wconf 88' lang='lat' dir='ltr'><strong>signa</strong></span> <span class='ocrx_word' id='word_1_85' title='bbox 1402 2667 1659 2770; x_wconf 88' lang='lat' dir='ltr'><strong>ferantur:</strong></span> 
     </span>
     <span class='ocr_line' id='line_1_14' title="bbox 316 2838 1563 2985; baseline -0.002 -42"><span class='ocrx_word' id='word_1_86' title='bbox 316 2843 432 2944; x_wconf 87' lang='lat' dir='ltr'><strong>Sive</strong></span> <span class='ocrx_word' id='word_1_87' title='bbox 459 2845 598 2984; x_wconf 91' lang='lat' dir='ltr'><strong>quod</strong></span> <span class='ocrx_word' id='word_1_88' title='bbox 627 2849 806 2949; x_wconf 91' lang='lat' dir='ltr'><strong>inclusi</strong></span> <span class='ocrx_word' id='word_1_89' title='bbox 832 2846 997 2985; x_wconf 91' lang='lat' dir='ltr'><strong>rapidi</strong></span> <span class='ocrx_word' id='word_1_90' title='bbox 1023 2865 1142 2944; x_wconf 92' lang='lat' dir='ltr'><strong>sunt</strong></span> <span class='ocrx_word' id='word_1_91' title='bbox 1166 2838 1370 2941; x_wconf 86' lang='lat' dir='ltr'><strong>aetheris</strong></span> <span class='ocrx_word' id='word_1_92' title='bbox 1395 2863 1563 2962; x_wconf 86' lang='lat' dir='ltr'><strong>aestus,</strong></span> 
     </span>
     <span class='ocr_line' id='line_1_15' title="bbox 315 2989 1621 3157; baseline 0.002 -40"><span class='ocrx_word' id='word_1_93' title='bbox 315 3014 723 3157; x_wconf 84' lang='lat' dir='ltr'><strong>Quaerentesque</strong></span> <span class='ocrx_word' id='word_1_94' title='bbox 748 3023 881 3120; x_wconf 87' lang='lat' dir='ltr'><strong>viam</strong></span> <span class='ocrx_word' id='word_1_95' title='bbox 906 2989 1374 3143; x_wconf 76' lang='lat' dir='ltr'><strong>circumversantur‚</strong></span> <span class='ocrx_word' id='word_1_96' title='bbox 1401 3039 1453 3116; x_wconf 88' lang='lat' dir='ltr'><strong>et</strong></span> <span class='ocrx_word' id='word_1_97' title='bbox 1477 3017 1621 3154; x_wconf 85' lang='lat' dir='ltr'><strong>ignes</strong></span> 
     </span>
     <span class='ocr_line' id='line_1_16' title="bbox 196 3185 1576 3329; baseline 0.002 -40"><span class='ocrx_word' id='word_1_98' title='bbox 196 3240 199 3247; x_wconf 43' lang='lat'><strong><em>¹</em></strong></span> <span class='ocrx_word' id='word_1_99' title='bbox 275 3206 285 3229; x_wconf 85' lang='grc'><strong>’·</strong></span> <span class='ocrx_word' id='word_1_100' title='bbox 314 3185 505 3290; x_wconf 89' lang='lat' dir='ltr'><strong>Passim</strong></span> <span class='ocrx_word' id='word_1_101' title='bbox 532 3230 625 3329; x_wconf 87' lang='lat' dir='ltr'><strong>per</strong></span> <span class='ocrx_word' id='word_1_102' title='bbox 650 3193 762 3293; x_wconf 90' lang='lat' dir='ltr'><strong>coeli</strong></span> <span class='ocrx_word' id='word_1_103' title='bbox 787 3193 995 3293; x_wconf 90' lang='lat' dir='ltr'><strong>volvunt</strong></span> <span class='ocrx_word' id='word_1_104' title='bbox 1019 3229 1070 3291; x_wconf 93' lang='lat' dir='ltr'><strong>se</strong></span> <span class='ocrx_word' id='word_1_105' title='bbox 1095 3192 1332 3290; x_wconf 90' lang='lat' dir='ltr'><strong>immania</strong></span> <span class='ocrx_word' id='word_1_106' title='bbox 1359 3193 1576 3328; x_wconf 85' lang='lat' dir='ltr'><strong>templa:</strong></span> 
     </span>
     <span class='ocr_line' id='line_1_17' title="bbox 314 3362 1563 3468; baseline 0.002 -6"><span class='ocrx_word' id='word_1_107' title='bbox 314 3362 433 3463; x_wconf 91' lang='lat' dir='ltr'><strong>Sive</strong></span> <span class='ocrx_word' id='word_1_108' title='bbox 459 3365 665 3466; x_wconf 85' lang='lat' dir='ltr'><strong>aliunde</strong></span> <span class='ocrx_word' id='word_1_109' title='bbox 692 3368 856 3468; x_wconf 87' lang='lat' dir='ltr'><strong>fluens</strong></span> <span class='ocrx_word' id='word_1_110' title='bbox 882 3365 1115 3466; x_wconf 88' lang='lat' dir='ltr'><strong>alicunde</strong></span> <span class='ocrx_word' id='word_1_111' title='bbox 1140 3366 1451 3466; x_wconf 83' lang='lat' dir='ltr'><strong>extrinsecus</strong></span> <span class='ocrx_word' id='word_1_112' title='bbox 1476 3369 1563 3468; x_wconf 71' lang='lat' dir='ltr'><strong>aer</strong></span> 
     </span>
     <span class='ocr_line' id='line_1_18' title="bbox 309 3524 1633 3677; baseline 0 -39"><span class='ocrx_word' id='word_1_113' title='bbox 309 3534 495 3638; x_wconf 85' lang='lat' dir='ltr'><strong>Versat</strong></span> <span class='ocrx_word' id='word_1_114' title='bbox 518 3577 673 3676; x_wconf 72' lang='lat' dir='ltr'><strong>ageos</strong></span> <span class='ocrx_word' id='word_1_115' title='bbox 699 3540 892 3673; x_wconf 88' lang='lat' dir='ltr'><strong>igneis;</strong></span> <span class='ocrx_word' id='word_1_116' title='bbox 930 3540 1031 3641; x_wconf 88' lang='lat' dir='ltr'><strong>sive</strong></span> <span class='ocrx_word' id='word_1_117' title='bbox 1056 3540 1154 3677; x_wconf 91' lang='lat' dir='ltr'><strong>ipsi</strong></span> <span class='ocrx_word' id='word_1_118' title='bbox 1180 3524 1379 3676; x_wconf 83' lang='lat' dir='ltr'><strong>serpere</strong></span> <span class='ocrx_word' id='word_1_119' title='bbox 1404 3562 1633 3676; x_wconf 89' lang='lat' dir='ltr'><strong>possunt,</strong></span> 
     </span>
     <span class='ocr_line' id='line_1_19' title="bbox 312 3708 1712 3850; baseline 0.001 -40"><span class='ocrx_word' id='word_1_120' title='bbox 312 3708 431 3830; x_wconf 82' lang='lat' dir='ltr'><strong>Quo</strong></span> <span class='ocrx_word' id='word_1_121' title='bbox 458 3713 744 3849; x_wconf 90' lang='lat' dir='ltr'><strong>quoiusque</strong></span> <span class='ocrx_word' id='word_1_122' title='bbox 770 3711 912 3813; x_wconf 91' lang='lat' dir='ltr'><strong>cibus</strong></span> <span class='ocrx_word' id='word_1_123' title='bbox 935 3734 1100 3833; x_wconf 90' lang='lat' dir='ltr'><strong>vocat,</strong></span> <span class='ocrx_word' id='word_1_124' title='bbox 1120 3733 1274 3850; x_wconf 91' lang='lat' dir='ltr'><strong>atque</strong></span> <span class='ocrx_word' id='word_1_125' title='bbox 1301 3711 1479 3812; x_wconf 89' lang='lat' dir='ltr'><strong>invitat</strong></span> <span class='ocrx_word' id='word_1_126' title='bbox 1502 3714 1712 3834; x_wconf 90' lang='lat' dir='ltr'><strong>eunteis,</strong></span> 
     </span>
     <span class='ocr_line' id='line_1_20' title="bbox 310 3882 1659 4023; baseline 0.004 -40"><span class='ocrx_word' id='word_1_127' title='bbox 310 3882 567 3984; x_wconf 90' lang='lat' dir='ltr'><strong>Flammea</strong></span> <span class='ocrx_word' id='word_1_128' title='bbox 591 3923 684 4022; x_wconf 94' lang='lat' dir='ltr'><strong>per</strong></span> <span class='ocrx_word' id='word_1_129' title='bbox 709 3885 891 3985; x_wconf 90' lang='lat' dir='ltr'><strong>coelum</strong></span> <span class='ocrx_word' id='word_1_130' title='bbox 916 3887 1197 4020; x_wconf 88' lang='lat' dir='ltr'><strong>pascenteis</strong></span> <span class='ocrx_word' id='word_1_131' title='bbox 1223 3903 1433 4022; x_wconf 75' lang='lat' dir='ltr'><strong>corpora</strong></span> <span class='ocrx_word' id='word_1_132' title='bbox 1457 3887 1659 4023; x_wconf 89' lang='lat' dir='ltr'><strong>passim.</strong></span> 
     </span>
     <span class='ocr_line' id='line_1_21' title="bbox 312 4039 1764 4197; baseline 0.004 -40"><span class='ocrx_word' id='word_1_133' title='bbox 312 4054 450 4157; x_wconf 91' lang='lat' dir='ltr'><strong>Nam</strong></span> <span class='ocrx_word' id='word_1_134' title='bbox 478 4057 603 4195; x_wconf 89' lang='lat' dir='ltr'><strong>quid</strong></span> <span class='ocrx_word' id='word_1_135' title='bbox 630 4059 682 4157; x_wconf 94' lang='lat' dir='ltr'><strong>in</strong></span> <span class='ocrx_word' id='word_1_136' title='bbox 709 4057 805 4160; x_wconf 89' lang='lat' dir='ltr'><strong>hoc</strong></span> <span class='ocrx_word' id='word_1_137' title='bbox 832 4058 1025 4159; x_wconf 91' lang='lat' dir='ltr'><strong>mundo</strong></span> <span class='ocrx_word' id='word_1_138' title='bbox 1050 4057 1115 4156; x_wconf 90' lang='lat' dir='ltr'><strong>sit</strong></span> <span class='ocrx_word' id='word_1_139' title='bbox 1139 4095 1330 4178; x_wconf 90' lang='lat' dir='ltr'><strong>eorum,</strong></span> <span class='ocrx_word' id='word_1_140' title='bbox 1356 4039 1544 4197; x_wconf 87' lang='lat' dir='ltr'><strong>ponere</strong></span> <span class='ocrx_word' id='word_1_141' title='bbox 1571 4084 1764 4163; x_wconf 87' lang='lat' dir='ltr'><strong>certum</strong></span> 
     </span>
     <span class='ocr_line' id='line_1_22' title="bbox 309 4228 1651 4373; baseline 0.001 -40"><span class='ocrx_word' id='word_1_142' title='bbox 309 4228 531 4333; x_wconf 89' lang='lat' dir='ltr'><strong>Difficile</strong></span> <span class='ocrx_word' id='word_1_143' title='bbox 557 4256 661 4333; x_wconf 84' lang='lat' dir='ltr'><strong>est:</strong></span> <span class='ocrx_word' id='word_1_144' title='bbox 701 4233 788 4334; x_wconf 90' lang='lat' dir='ltr'><strong>sed</strong></span> <span class='ocrx_word' id='word_1_145' title='bbox 817 4234 943 4372; x_wconf 93' lang='lat' dir='ltr'><strong>quid</strong></span> <span class='ocrx_word' id='word_1_146' title='bbox 968 4233 1141 4369; x_wconf 89' lang='lat' dir='ltr'><strong>possit,</strong></span> <span class='ocrx_word' id='word_1_147' title='bbox 1169 4233 1360 4372; x_wconf 86' lang='lat' dir='ltr'><strong>fiatque</strong></span> <span class='ocrx_word' id='word_1_148' title='bbox 1385 4271 1478 4373; x_wconf 89' lang='lat' dir='ltr'><strong>per</strong></span> <span class='ocrx_word' id='word_1_149' title='bbox 1502 4273 1651 4336; x_wconf 91' lang='lat' dir='ltr'><strong>omne</strong></span> 
     </span>
     <span class='ocr_line' id='line_1_23' title="bbox 308 4403 1362 4528; baseline 0.001 -23"><span class='ocrx_word' id='word_1_150' title='bbox 308 4403 370 4506; x_wconf 90' lang='lat' dir='ltr'><strong>In</strong></span> <span class='ocrx_word' id='word_1_151' title='bbox 395 4409 543 4508; x_wconf 88' lang='lat' dir='ltr'><strong>variis</strong></span> <span class='ocrx_word' id='word_1_152' title='bbox 570 4409 770 4508; x_wconf 94' lang='lat' dir='ltr'><strong>mundis</strong></span> <span class='ocrx_word' id='word_1_153' title='bbox 788 4409 927 4509; x_wconf 87' lang='lat' dir='ltr'><strong>varia</strong></span> <span class='ocrx_word' id='word_1_154' title='bbox 950 4407 1143 4506; x_wconf 88' lang='lat' dir='ltr'><strong>ratione</strong></span> <span class='ocrx_word' id='word_1_155' title='bbox 1169 4408 1362 4528; x_wconf 89' lang='lat' dir='ltr'><strong>creatis,</strong></span> 
     </span>
     <span class='ocr_line' id='line_1_24' title="bbox 307 4578 1623 4720; baseline 0.004 -41"><span class='ocrx_word' id='word_1_156' title='bbox 307 4578 368 4679; x_wconf 87' lang='lat' dir='ltr'><strong>ld</strong></span> <span class='ocrx_word' id='word_1_157' title='bbox 397 4579 583 4704; x_wconf 88' lang='lat' dir='ltr'><strong>doceo;</strong></span> <span class='ocrx_word' id='word_1_158' title='bbox 621 4582 918 4719; x_wconf 88' lang='lat' dir='ltr'><strong>plureisque</strong></span> <span class='ocrx_word' id='word_1_159' title='bbox 945 4619 1132 4720; x_wconf 90' lang='lat' dir='ltr'><strong>sequor</strong></span> <span class='ocrx_word' id='word_1_160' title='bbox 1157 4582 1422 4719; x_wconf 89' lang='lat' dir='ltr'><strong>disponere</strong></span> <span class='ocrx_word' id='word_1_161' title='bbox 1448 4620 1623 4684; x_wconf 87' lang='lat' dir='ltr'><strong>causas</strong></span> 
     </span>
     <span class='ocr_line' id='line_1_25' title="bbox 308 4753 1637 4895; baseline 0.006 -41"><span class='ocrx_word' id='word_1_162' title='bbox 308 4753 539 4855; x_wconf 90' lang='lat' dir='ltr'><strong>Motibus</strong></span> <span class='ocrx_word' id='word_1_163' title='bbox 565 4778 829 4878; x_wconf 87' lang='lat' dir='ltr'><strong>astrorum,</strong></span> <span class='ocrx_word' id='word_1_164' title='bbox 858 4795 974 4895; x_wconf 89' lang='lat' dir='ltr'><strong>quae</strong></span> <span class='ocrx_word' id='word_1_165' title='bbox 1001 4756 1196 4893; x_wconf 89' lang='lat' dir='ltr'><strong>possint</strong></span> <span class='ocrx_word' id='word_1_166' title='bbox 1220 4794 1326 4855; x_wconf 89' lang='lat' dir='ltr'><strong>esse</strong></span> <span class='ocrx_word' id='word_1_167' title='bbox 1353 4794 1446 4893; x_wconf 91' lang='lat' dir='ltr'><strong>per</strong></span> <span class='ocrx_word' id='word_1_168' title='bbox 1471 4796 1637 4862; x_wconf 88' lang='lat' dir='ltr'><strong>omne.</strong></span> 
     </span>
     <span class='ocr_line' id='line_1_26' title="bbox 307 4926 1799 5068; baseline 0.003 -38"><span class='ocrx_word' id='word_1_169' title='bbox 307 4926 666 5068; x_wconf 88' lang='lat' dir='ltr'><strong>Equibusuna</strong></span> <span class='ocrx_word' id='word_1_170' title='bbox 680 4953 851 5040; x_wconf 91' lang='lat' dir='ltr'><strong>tamen</strong></span> <span class='ocrx_word' id='word_1_171' title='bbox 868 4933 933 5031; x_wconf 94' lang='lat' dir='ltr'><strong>sit</strong></span> <span class='ocrx_word' id='word_1_172' title='bbox 947 4928 1799 5068; x_wconf 86' lang='lat' dir='ltr'><strong>ethaecquoquecausanecesseest,</strong></span> 
     </span>
     <span class='ocr_line' id='line_1_27' title="bbox 308 5101 1639 5247; baseline 0.002 -44"><span class='ocrx_word' id='word_1_173' title='bbox 308 5101 445 5222; x_wconf 83' lang='lat' dir='ltr'><strong>Quae</strong></span> <span class='ocrx_word' id='word_1_174' title='bbox 470 5126 650 5242; x_wconf 83' lang='lat' dir='ltr'><strong>vegeat</strong></span> <span class='ocrx_word' id='word_1_175' title='bbox 675 5128 869 5209; x_wconf 90' lang='lat' dir='ltr'><strong>motum</strong></span> <span class='ocrx_word' id='word_1_176' title='bbox 896 5107 1081 5247; x_wconf 84' lang='lat' dir='ltr'><strong>signis:</strong></span> <span class='ocrx_word' id='word_1_177' title='bbox 1118 5104 1207 5206; x_wconf 92' lang='lat' dir='ltr'><strong>sed</strong></span> <span class='ocrx_word' id='word_1_178' title='bbox 1233 5141 1350 5242; x_wconf 87' lang='lat' dir='ltr'><strong>quae</strong></span> <span class='ocrx_word' id='word_1_179' title='bbox 1375 5106 1441 5207; x_wconf 92' lang='lat' dir='ltr'><strong>sit</strong></span> <span class='ocrx_word' id='word_1_180' title='bbox 1464 5143 1639 5207; x_wconf 88' lang='lat' dir='ltr'><strong>earum</strong></span> 
     </span>
    </p>
   </div>
   <div class='ocr_carea' id='block_1_4' title="bbox 0 0 2314 6106">
    <p class='ocr_par' dir='ltr' id='par_1_6' title="bbox 0 0 2314 6106">
     <span class='ocr_line' id='line_1_28' title="bbox 0 0 2314 6106; baseline 0 3"><span class='ocrx_word' id='word_1_181' title='bbox 0 0 2314 6106; x_wconf 95' lang='lat' dir='ltr'><strong> </strong></span> 
     </span>
    </p>
   </div>
  </div>
 </body>
</html>
