4598 6112
495 543 595 643 roo
816 551 876 640 r.
944 548 1372 640 Lucanam
1436 548 1647 640 cunr

492 809 715 911 Finitimi
744 808 961 946 fingunt,
990 832 1041 909 et
1068 808 1267 933 Faunos
1293 849 1402 911 esse
1426 810 1740 948 loquuntur3

490 987 723 1106 Quorum
749 986 1013 1122 noctivago
1040 986 1271 1121 strepitu,
1296 985 1523 1122 ludoque
1541 985 1734 1123 jocanti

488 1158 780 1258 Adfirmant
802 1157 951 1294 volgo
976 1159 1229 1258 taciturna
1250 1156 1453 1257 silentia
1478 1161 1663 1297 rumpi,

492 1329 916 1468 Chordarumque
943 1371 1088 1433 sonos
1114 1332 1239 1451 fieri,
1261 1331 1554 1470 dulceisque
1581 1335 1829 1474 querelas,

486 1500 637 1603 Tibia
662 1541 789 1641 quas
813 1500 984 1604 fundit
1008 1505 1180 1641 digitis
1204 1503 1405 1640 pulsata
1428 1532 1730 1612 canentum:

488 1672 557 1777 Et
581 1714 742 1813 genus
767 1677 1042 1812 agricolum
1068 1675 1169 1775 late
1196 1678 1478 1799 sentiscere,
1500 1718 1656 1818 quom
1684 1680 1793 1782 Pan

487 1849 647 1951 Pinea
672 1851 890 1951 semiferi
917 1851 1093 1988 capitis
1117 1850 1365 1950 velamina
1389 1891 1649 1990 quassans,
1778 1903 1781 1906 “

486 2026 637 2130 Unco
663 2065 796 2164 saepe
821 2025 964 2126 labro
990 2027 1205 2126 calamos
1230 2030 1481 2165 percurrit
1506 2025 1735 2148 hianteiS,

485 2199 679 2301 Fistula
703 2201 977 2300 silvestrem
1004 2239 1067 2300 ne
1092 2223 1251 2300 cesset
1274 2201 1488 2303 fundere
1515 2243 1723 2306 musam.

486 2375 685 2474 Caetera
704 2373 767 2471 de
786 2349 970 2509 genere
990 2373 1086 2477 hoc
1106 2400 1327 2475 monstra
1346 2415 1402 2476 ac
1418 2401 1652 2513 portenta
1667 2381 1971 2518 loquuntur,

483 2549 568 2652 Ne
593 2551 704 2650 loca
730 2549 928 2649 deserta
952 2550 1015 2650 ab
1042 2552 1168 2652 divis
1194 2590 1401 2691 quoque
1426 2550 1554 2652 forte
1582 2577 1829 2690 putentur

483 2726 602 2827 Sola
626 2748 798 2826 tenere
812 2766 825 2848 ;
864 2724 978 2825 ideo
997 2723 1192 2861 jactant
1216 2725 1457 2824 miracula
1482 2725 1661 2828 dictis:

478 2904 589 3003 Aut
613 2900 785 3038 aliqua
813 2899 1006 2998 ratione
1033 2898 1128 2998 alia
1151 2898 1424 3018 ducuntur,
1453 2921 1511 2998 ut
1535 2937 1683 2999 omne

482 3076 781 3178 Humanum
807 3112 968 3211 genus
995 3095 1071 3173 est
1094 3073 1298 3174 avidum
1325 3075 1473 3174 nimis
1498 3075 1853 3181 auricularum.
1954 3109 1957 3113 ’

552 3250 704 3371 Quod
734 3271 977 3384 superest,
1005 3286 1106 3346 non
1133 3269 1208 3345 est
1233 3247 1536 3367 mirandum,
1565 3287 1670 3385 qua
1694 3253 1896 3394 ratione

480 3424 613 3545 Quae
640 3424 748 3524 loca
776 3461 868 3560 per
893 3442 1158 3560 nequeunt
1176 3418 1309 3519 oculi
1335 3457 1412 3519 res
1439 3459 1642 3524 cernere
1669 3450 1883 3562 apertae,

479 3601 608 3703 Haec
633 3601 743 3701 loca
768 3636 862 3736 per
887 3634 1030 3698 voces
1058 3594 1275 3713 veniant,
1303 3594 1570 3732 aureisque
1590 3595 1865 3702 lacessant:

479 3775 650 3897 Quom
666 3774 928 3912 loquimur
946 3769 1128 3872 clausis
1152 3765 1363 3887 foribus
1392 3769 1530 3905 quod
1549 3808 1683 3907 saepe
1708 3772 1968 3879 videmus:

477 3947 754 4067 Nimirum,
783 3947 905 4085 quia
928 3983 1028 4045 vox
1053 3980 1145 4079 per
1168 3943 1303 4042 flexa
1326 3942 1572 4043 foramina
1594 3983 1759 4047 rerum

476 4120 749 4224 Incolumis
774 4103 986 4220 transire
1012 4139 1194 4255 potest,
1217 4118 1482 4218 simulacra
1507 4141 1775 4219 renutant:

475 4298 875 4401 Perseinduntur
900 4295 1052 4411 euim,
1080 4293 1175 4391 nisi
1201 4314 1338 4392 recta
1361 4293 1607 4393 foramina
1631 4314 1860 4416 tranant3

476 4473 663 4595 Qualia
688 4490 806 4570 snut
831 4466 961 4584 vitri,
989 4463 1179 4598 species
1206 4501 1324 4599 quae
1348 4465 1623 4566 transvolat
1640 4470 1818 4570 omnis.

546 4647 813 4762 Praeterea,
841 4638 1028 4777 parteis
1055 4637 1114 4739 in,
1134 4658 1337 4737 cunctas
1364 4631 1608 4739 dividitur
1624 4653 1741 4762 vex,

474 4821 557 4924 Ex
582 4820 690 4920 aliis
716 4818 827 4917 aliae
856 4812 1094 4953 quoniam
1123 4810 1423 4948 gignuntur,
1453 4811 1540 4912 uhi
1566 4852 1669 4915 una

427 5000 433 5010 ’
472 4995 709 5097 Dissiluit
733 4991 886 5092 semel
912 4989 962 5087 in
989 4988 1173 5090 multas
1200 4989 1561 5127 exorta‚·quasi
1587 4988 1720 5126 ignis

475 5169 624 5306 Saepe
651 5167 778 5266 solet
801 5163 1017 5266 scintilla
1041 5201 1156 5290 suos
1182 5201 1233 5263 se
1260 5199 1496 5300 spargere
1522 5164 1571 5309 in
1598 5164 1789 5301 igneist'
