4620 6106
406 446 507 547 mo
669 567 671 570 J
776 456 835 544 r.
888 450 1609 548 Lucrinum-cunt

409 714 661 835 Saevibat‚=
672 715 956 853 leviterque
980 713 1139 814 minas
1164 713 1391 851 ponebat
1414 718 1638 841 i·naneis;

268 889 271 893 ’
409 889 521 992 Nec
547 913 746 1029 poterat
771 928 1084 1030 quemquam
1109 889 1296 1027 placidi
1315 891 1530 1029 pellacia
1553 893 1702 1030 ponti

408 1063 639 1166 Subdola
663 1066 899 1203 pellicere
925 1066 977 1166 iu
1003 1063 1237 1167 fraudem
1261 1065 1545 1168 ridentibus
1571 1065 1756 1166 undis:
1779 1031 1783 1042 ⁸

322 1329 326 1338 .
409 1238 654 1378 Improba
681 1242 868 1378 navigii
893 1239 1022 1341 ratio
1046 1262 1157 1340 tum
1181 1279 1314 1342 caeca
1330 1239 1554 1388 jacebat,

406 1415 540 1519 Tum
566 1419 797 1555 paenuria
819 1417 1008 1517 'deinde
1032 1415 1150 1538 cibi,
1177 1415 1473 1557 languentia
1495 1412 1636 1516 letlro

410 1588 649 1693 Membra
675 1592 857 1695 dabat:
898 1616 1073 1694 eontra
1096 1631 1232 1693 nuno
1257 1629 1426 1691 rerum
1452 1591 1600 1729 eopia
1616 1609 1822 1689 mersat.

410 1763 494 1866 Illi
522 1767 871 1903 imprudentes
897 1770 993 1907 ipsi
1019 1767 1116 1868 sibi
1141 1804 1280 1905 saepe
1301 1805 1555 1868 venenum

414 1941 735 2082 Vergehant:
776 1984 912 2046 nune
938 1945 1063 2077 dant
1088 1945 1197 2044 aliis
1223 1941 1473 2041 sollertius
1498 1941 1618 2076 ipsis

482 2116 611 2218 Inde
627 2158 763 2219 casas
778 2144 1132 2259 postquam,ae
1147 2117 1628 2256 palleis,ig11emque
1644 2118 1909 2252 pararunt,

409 2291 480 2393 Et
503 2294 686 2394 mulier
710 2295 977 2432 conjuncta
1001 2297 1108 2397 viro
1134 2291 1379 2394 concessit
1402 2291 1454 2390 in
1482 2328 1639 2390 unum
1658 2312 1701 2413 ς’

412 2465 668 2606 Castaque
692 2469 903 2605 privatae
930 2467 1143 2570 Veneris
1168 2464 1422 2569 connubia
1446 2468 1564 2567 laeta

243 2685 245 2688 ¹
413 2637 634 2781 Cognita
657 2665 790 2761 sunt,
811 2644 1113 2782 prolemque
1138 2683 1199 2742 ex
1229 2681 1280 2742 se
1306 2643 1475 2743 videre
1501 2665 1753 2743 creatam:
1840 2638 1863 2753 ⁸,

408 2813 543 2916 Tum
570 2856 733 2956 genus
759 2816 1039 2918 humanum
1067 2820 1289 2955 primum
1314 2818 1606 2918 mollescere
1631 2817 1804 2953 eoepit.

410 2987 553 3129 Ignis
579 2993 714 3092 enim
741 2993 950 3111 curavit,
977 3015 1036 3091 ut
1061 2993 1182 3092 alsia
1207 3030 1419 3130 corpora
1443 2991 1614 3130 frigus

412 3161 535 3266 Non
560 3168 632 3266 ita
649 3165 757 3303 jam
781 3190 989 3308 possent
1012 3167 1124 3267 eoeli
1149 3165 1491 3304 subtegmine
1516 3166 1651 3266 ferre
1666 3205 1684 3266 :.

411 3337 489 3441 Et·
501 3335 677 3441 Venus
701 3340 957 3440 imminuit
979 3340 1143 3460 vireis,
1169 3343 1421 3480 puerique
1446 3364 1724 3479 parentum
1809 3337 1811 3340 ⁵

411 3511 682 3616 Blanditiis
706 3513 853 3628 facile
877 3515 1146 3653 ingenium
1160 3514 1357 3655 fregere
1384 3519 1682 3656 superbum.

409 3687 556 3793 Tunc
581 3713 633 3791 et
658 3691 927 3804 amicitiam
953 3686 1217 3829 coeperunt
1232 3691 1452 3830 jungere
1479 3691 1730 3794 habentes·

411 3863 650 3967 Finitima
674 3868 809 3967 inter
825 3905 900 3987 se,
927 3904 1021 3967 nec
1044 3865 1248 3986 laedere,
1274 3905 1373 3967 neo
1392 3868 1611 3997 violare,

411 4038 482 4141 Et
504 4078 689 4178 pueros
715 4041 1152 4161 commendlrunt,
1178 4039 1531 4181 muliebreque
1559 4044 1789 4166 saeclnm‚
1961 4105 1966 4113 ·

415 4213 637 4318 Vocibus
662 4238 714 4317 et
737 4239 885 4354 gestu
912 4254 1067 4355 quom
1094 4212 1244 4316 balbe
1271 4216 1614 4354 significarent

411 4388 790 4492 Imbecillorum
816 4429 921 4493 esse
947 4429 1157 4533 aequum
1183 4390 1735 4496 misererieromnium.

411 4561 465 4668 N
469 4603 535 4666 ou
560 4587 731 4665 tamen
757 4568 1058 4670 omnimodis
1082 4595 1284 4712 poterat
1299 4534 1574 4678 concordia
1599 4580 1747 4719 gigni
1760 4621 1774 4705 ;

412 4738 514 4840 Sed
538 4736 673 4840 bona
697 4747 991 4882 magnaque·
1010 4782 1127 4881 pars
1153 4745 1419 4848 servabant
1443 4749 1632 4852 foedera
1656 4751 1814 4855 casti:

408 4913 517 5014 Aut
534 4951 696 5050 genus
711 4906 990 5018 humanum
1003 4918 1111 5056 jam
1126 4944 1236 5023 tum
1250 4921 1380 5024 foret
1400 4964 1547 5028 omne
1561 4955 1905 5070 peremptum,

411 5083 465 5189 N
470 5124 530 5188 ec·
549 5091 800 5225 potuisset
824 5088 992 5195 adhuc
1016 5096 1296 5232 perducere
1322 5100 1470 5202 saecla
1490 5084 1743 5245 propago.
