4598 6112
755 535 1026 624 LIBER
1086 528 1491 625 QUINTUS.
1793 531 1888 638 195

398 789 510 893 Hoo
535 817 702 896 tamen
731 835 794 897 ex
820 795 941 935 ipsis
966 792 1077 894 coeli
1105 793 1384 937 rationibus
1409 797 1568 896 ausim

395 962 725 1092 Confirmare,
753 971 966 1107 aliisque
992 1006 1055 1067 ex
1082 966 1235 1068 rebus
1260 968 1474 1071 reddere
1498 970 1686 1092 multiS,

397 1137 746 1282 Nequaquam
771 1144 917 1246 nobis
944 1141 1184 1244 divinitus
1211 1182 1317 1245 esse
1343 1141 1574 1285 paratam

398 1311 651 1418 Naturam
678 1357 865 1440 rerum,
892 1340 1033 1419 tanta
1058 1340 1159 1419 stat
1183 1312 1399 1459 praedita
1425 1319 1591 1458 eulpa.
1650 1332 1656 1348 '

467 1490 742 1632 Principio,
769 1518 1021 1637 quantum
1047 1495 1158 1595 coeli
1183 1496 1313 1633 tegit
1337 1496 1558 1633 impetus
1584 1492 1781 1634 iugem,

396 1663 524 1767 lnde
550 1670 746 1770 avidam
773 1695 970 1809 partem
997 1693 1208 1790 montes,
1229 1670 1487 1808 sylvaeque
1507 1669 1728 1772 ferarum

398 1838 688 1965 Possedere,
715 1868 893 1946 tenent
918 1883 1087 1983 rupes,
1112 1867 1369 1982 vastaeque
1393 1845 1626 1983 paludes,

399 2013 468 2116 Et
492 2056 645 2142 mare,
674 2022 813 2160 quod
838 2023 938 2122 late
964 2044 1215 2122 terrarum
1241 2017 1451 2117 distinet
1470 2057 1596 2120 oras,

398 2189 526 2292 Inde
553 2194 679 2295 duas
703 2234 854 2333 porro
879 2234 1040 2338 prope
1067 2193 1254 2337 parteis
1281 2191 1504 2294 fervidus
1522 2194 1695 2316 ardor,

398 2365 751 2509 Assiduusque
776 2372 877 2510 geli
904 2410 1047 2472 casus
1073 2365 1371 2471 mortalibus
1397 2367 1577 2470 aufert.

347 2538 358 2555 ’
472 2539 625 2662 Quod
654 2568 885 2681 superest
908 2545 1030 2667 arvi,
1057 2569 1228 2645 tamen
1253 2543 1305 2643 id
1333 2565 1515 2642 natura
1540 2581 1629 2643 sua
1652 2546 1703 2645 vi

401 2713 642 2817 Sentibus
666 2716 906 2841 obducat,
932 2721 985 2820 ni
1011 2720 1084 2822 v⁸is
1109 2719 1333 2820 humana
1358 2720 1575 2840 resistat,

398 2888 539 2992 Vita'r'
564 2931 713 2993 causa
733 2894 902 2995 valido
930 2917 1167 2995 consueta
1195 2890 1390 2993 bidenti
1513 2934 1519 2945 ·

401 3061 684 3202 Ingemere,
712 3087 972 3211 etterram
997 3068 1180 3205 pressis
1206 3064 1529 3204 proscindere
1555 3069 1763 3169 aratris:

404 3239 459 3341 Si
486 3280 587 3340 non
614 3239 874 3342 foeeundas
898 3263 1150 3343 vertentes
1174 3277 1375 3383 vomere
1400 3239 1592 3379 glebas,

396 3412 681 3554 Terraique
708 3415 871 3516 solum
898 3412 1392 3552 subigenteS,·cimus
1418 3415 1482 3516 ad
1508 3422 1667 3538 ortus,

402 3591 594 3730 Sponte
621 3628 711 3689 sua
736 3610 996 3728 nequeant
1021 3588 1242 3726 liquidas
1268 3593 1484 3691 existere
1511 3592 1564 3692 in
1589 3631 1753 3695 auras,

476 3765 544 3867 Et
569 3766 1018 3880 tameninterdum
1046 3803 1232 3903 magno
1258 3766 1473 3905 quaesita
1497 3764 1685 3887 labore,

299 4056 304 4067 ⁸
402 3939 573 4063 Quom
590 3942 697 4079 jarn
725 3979 817 4079 per
840 3965 999 4041 terras
1024 3939 1278 4060 frondent,
1305 3960 1461 4078 atque
1487 3941 1656 4044 omnia
1680 3943 1879 4064 florent,

399 4118 508 4217 Aut
533 4117 699 4217 nimiis
724 4138 883 4217 torret
907 4112 1189 4216 fervoribus
1212 4110 1451 4214 aetherius
1476 4115 1566 4233 sol,

399 4294 507 4395 Aut
531 4291 686 4394 subiti
712 4291 970 4431 perimunt
994 4287 1196 4409 imbres,
1224 4288 1512 4429 gelidaeque
1539 4291 1755 4429 pruinae,

401 4467 689 4607 Flabraque
714 4490 979 4612 ventorum
1006 4466 1227 4570 violento
1253 4459 1458 4563 turbine
1482 4488 1685 4588 vexant.

471 4641 723 4745 Praeterea
748 4683 937 4782 genus
936 4642 1240 4750 horriferum
1268 4670 1450 4750 natura
1473 4648 1711 4773 ferarum,

403 4817 658 4922 Humanae
682 4818 824 4956 genti
849 4816 1106 4941 infestum,
1134 4844 1369 4961 terraque
1395 4825 1643 4991 marique,

402 4991 511 5094 Cur
534 4991 625 5092 alit
647 5014 802 5131 atque
828 4996 1013 5131 augetl
1051 5032 1143 5096 our
1166 4999 1285 5098 anni
1310 5019 1540 5135 tempora
1565 4999 1768 5105 morbos

398 5166 723 5309 Adportantl
763 5203 921 5306 quare
946 5206 1079 5270 mors
1105 5170 1373 5279 immatura
1391 5178 1637 5314 vagatur?

1113 5350 1158 5401 20
1169 5351 1191 5405 ἰ,
