<?xml version="1.0" encoding="UTF-8"?>
<!DOCTYPE html PUBLIC "-//W3C//DTD XHTML 1.0 Transitional//EN"
    "http://www.w3.org/TR/xhtml1/DTD/xhtml1-transitional.dtd">
<html xmlns="http://www.w3.org/1999/xhtml" xml:lang="en" lang="en">
 <head>
  <title>
</title>
<meta http-equiv="Content-Type" content="text/html;charset=utf-8" />
  <meta name='ocr-system' content='tesseract 3.04.00' />
  <meta name='ocr-capabilities' content='ocr_page ocr_carea ocr_par ocr_line ocrx_word'/>
</head>
<body>
  <div class='ocr_page' id='page_1' title='image "./titilucretiicar05carugoog_0295.png"; bbox 0 0 4598 6112; ppageno 0'>
   <div class='ocr_carea' id='block_1_1' title="bbox 409 489 1581 602">
    <p class='ocr_par' dir='ltr' id='par_1_1' title="bbox 409 489 1581 602">
     <span class='ocr_line' id='line_1_1' title="bbox 409 489 1581 602; baseline 0.009 -10"><span class='ocrx_word' id='word_1_1' title='bbox 409 489 518 595; x_wconf 72' lang='lat'>286</span> <span class='ocrx_word' id='word_1_2' title='bbox 733 505 792 592; x_wconf 88' lang='lat' dir='ltr'>T.</span> <span class='ocrx_word' id='word_1_3' title='bbox 861 501 1299 596; x_wconf 88' lang='lat' dir='ltr'><strong>LUCRETII</strong></span> <span class='ocrx_word' id='word_1_4' title='bbox 1366 506 1581 602; x_wconf 82' lang='lat' dir='ltr'>CARI</span> 
     </span>
    </p>
   </div>
   <div class='ocr_carea' id='block_1_2' title="bbox 410 760 1558 908">
    <p class='ocr_par' dir='ltr' id='par_1_2' title="bbox 410 760 1558 908">
     <span class='ocr_line' id='line_1_2' title="bbox 410 760 1558 908; baseline 0.009 -45"><span class='ocrx_word' id='word_1_5' title='bbox 410 760 678 901; x_wconf 87' lang='lat' dir='ltr'>Praecepit,</span> <span class='ocrx_word' id='word_1_6' title='bbox 706 761 932 907; x_wconf 87' lang='lat' dir='ltr'>ferrique</span> <span class='ocrx_word' id='word_1_7' title='bbox 958 763 1063 865; x_wconf 91' lang='lat' dir='ltr'>vias</span> <span class='ocrx_word' id='word_1_8' title='bbox 1087 764 1316 905; x_wconf 81' lang='lat' dir='ltr'><strong>possedit</strong></span> <span class='ocrx_word' id='word_1_9' title='bbox 1341 794 1558 908; x_wconf 80' lang='lat' dir='ltr'>apertas,</span> 
     </span>
    </p>
   </div>
   <div class='ocr_carea' id='block_1_3' title="bbox 243 929 1683 1085">
    <p class='ocr_par' dir='ltr' id='par_1_3' title="bbox 243 929 1683 1085">
     <span class='ocr_line' id='line_1_3' title="bbox 243 929 1683 1085; baseline 0.012 -54"><span class='ocrx_word' id='word_1_10' title='bbox 243 1015 252 1031; x_wconf 91' lang='lat'><strong>.</strong></span> <span class='ocrx_word' id='word_1_11' title='bbox 409 936 667 1039; x_wconf 85' lang='lat' dir='ltr'>Posterior</span> <span class='ocrx_word' id='word_1_12' title='bbox 690 929 875 1078; x_wconf 86' lang='lat' dir='ltr'>lapidis</span> <span class='ocrx_word' id='word_1_13' title='bbox 898 941 1039 1043; x_wconf 85' lang='lat' dir='ltr'>venit</span> <span class='ocrx_word' id='word_1_14' title='bbox 1060 965 1231 1063; x_wconf 87' lang='lat' dir='ltr'>aestus,</span> <span class='ocrx_word' id='word_1_15' title='bbox 1258 966 1311 1044; x_wconf 84' lang='lat' dir='ltr'>et</span> <span class='ocrx_word' id='word_1_16' title='bbox 1335 948 1505 1046; x_wconf 87' lang='lat' dir='ltr'>omnia</span> <span class='ocrx_word' id='word_1_17' title='bbox 1530 946 1683 1085; x_wconf 90' lang='lat' dir='ltr'>plena</span> 
     </span>
    </p>
   </div>
   <div class='ocr_carea' id='block_1_4' title="bbox 272 1111 2031 3023">
    <p class='ocr_par' dir='ltr' id='par_1_4' title="bbox 272 1111 2031 3023">
     <span class='ocr_line' id='line_1_4' title="bbox 410 1111 2031 1260; baseline 0.009 -45"><span class='ocrx_word' id='word_1_18' title='bbox 410 1111 614 1216; x_wconf 82' lang='lat' dir='ltr'>Invenit</span> <span class='ocrx_word' id='word_1_19' title='bbox 637 1117 689 1216; x_wconf 90' lang='lat' dir='ltr'>in</span> <span class='ocrx_word' id='word_1_20' title='bbox 716 1114 868 1237; x_wconf 84' lang='lat' dir='ltr'>ferm,</span> <span class='ocrx_word' id='word_1_21' title='bbox 895 1153 1065 1254; x_wconf 89' lang='lat' dir='ltr'>neque</span> <span class='ocrx_word' id='word_1_22' title='bbox 1089 1113 1247 1218; x_wconf 88' lang='lat' dir='ltr'>habet</span> <span class='ocrx_word' id='word_1_23' title='bbox 1272 1156 1377 1260; x_wconf 91' lang='lat' dir='ltr'>qua</span> <span class='ocrx_word' id='word_1_24' title='bbox 1401 1143 1586 1244; x_wconf 88' lang='lat' dir='ltr'>tranet,</span> <span class='ocrx_word' id='word_1_25' title='bbox 1613 1145 1673 1225; x_wconf 94' lang='lat' dir='ltr'>ut</span> <span class='ocrx_word' id='word_1_26' title='bbox 1698 1145 1834 1231; x_wconf 81' lang='lat' dir='ltr'>ante.</span> <span class='ocrx_word' id='word_1_27' title='bbox 2021 1174 2031 1192; x_wconf 35' lang='lat' dir='ltr'>s</span> 
     </span>
     <span class='ocr_line' id='line_1_5' title="bbox 412 1268 1984 1435; baseline 0.008 -45"><span class='ocrx_word' id='word_1_28' title='bbox 412 1285 631 1428; x_wconf 86' lang='lat' dir='ltr'>Cogitur</span> <span class='ocrx_word' id='word_1_29' title='bbox 656 1289 902 1393; x_wconf 85' lang='lat' dir='ltr'>offensare</span> <span class='ocrx_word' id='word_1_30' title='bbox 929 1293 1102 1430; x_wconf 85' lang='lat' dir='ltr'>igitur,</span> <span class='ocrx_word' id='word_1_31' title='bbox 1133 1294 1443 1435; x_wconf 84' lang='lat' dir='ltr'>pulsareque</span> <span class='ocrx_word' id='word_1_32' title='bbox 1468 1298 1629 1400; x_wconf 90' lang='lat' dir='ltr'>fluctu</span> <span class='ocrx_word' id='word_1_33' title='bbox 1981 1268 1984 1273; x_wconf 14' lang='grc' dir='ltr'><strong><em>Ι</em></strong></span> 
     </span>
     <span class='ocr_line' id='line_1_6' title="bbox 408 1463 1637 1610; baseline 0.007 -44"><span class='ocrx_word' id='word_1_34' title='bbox 408 1463 592 1568; x_wconf 86' lang='lat' dir='ltr'>Ferrea</span> <span class='ocrx_word' id='word_1_35' title='bbox 616 1490 759 1570; x_wconf 86' lang='lat' dir='ltr'>texta</span> <span class='ocrx_word' id='word_1_36' title='bbox 784 1505 904 1594; x_wconf 89' lang='lat' dir='ltr'>suo;</span> <span class='ocrx_word' id='word_1_37' title='bbox 944 1506 1049 1610; x_wconf 90' lang='lat' dir='ltr'>quo</span> <span class='ocrx_word' id='word_1_38' title='bbox 1074 1490 1228 1608; x_wconf 91' lang='lat' dir='ltr'>pacto</span> <span class='ocrx_word' id='word_1_39' title='bbox 1255 1473 1452 1610; x_wconf 87' lang='lat' dir='ltr'>respuit</span> <span class='ocrx_word' id='word_1_40' title='bbox 1476 1471 1540 1572; x_wconf 93' lang='lat' dir='ltr'>ab</span> <span class='ocrx_word' id='word_1_41' title='bbox 1567 1511 1637 1593; x_wconf 88' lang='lat' dir='ltr'>se,</span> 
     </span>
     <span class='ocr_line' id='line_1_7' title="bbox 405 1643 1795 1788; baseline 0.006 -45"><span class='ocrx_word' id='word_1_42' title='bbox 405 1643 582 1782; x_wconf 78' lang='lat' dir='ltr'>,Atque</span> <span class='ocrx_word' id='word_1_43' title='bbox 608 1683 702 1782; x_wconf 90' lang='lat' dir='ltr'>per</span> <span class='ocrx_word' id='word_1_44' title='bbox 726 1675 795 1746; x_wconf 88' lang='lat' dir='ltr'>aes</span> <span class='ocrx_word' id='word_1_45' title='bbox 820 1646 996 1784; x_wconf 86' lang='lat' dir='ltr'>agitat,</span> <span class='ocrx_word' id='word_1_46' title='bbox 1024 1647 1131 1748; x_wconf 89' lang='lat' dir='ltr'>sine</span> <span class='ocrx_word' id='word_1_47' title='bbox 1158 1684 1218 1748; x_wconf 92' lang='lat' dir='ltr'>eo</span> <span class='ocrx_word' id='word_1_48' title='bbox 1244 1685 1364 1786; x_wconf 86' lang='lat' dir='ltr'>quae</span> <span class='ocrx_word' id='word_1_49' title='bbox 1391 1685 1526 1788; x_wconf 86' lang='lat' dir='ltr'>saepe</span> <span class='ocrx_word' id='word_1_50' title='bbox 1551 1648 1795 1752; x_wconf 86' lang='lat' dir='ltr'>resorbet.</span> 
     </span>
     <span class='ocr_line' id='line_1_8' title="bbox 476 1816 1710 1965; baseline 0.006 -46"><span class='ocrx_word' id='word_1_51' title='bbox 476 1816 612 1921; x_wconf 93' lang='lat' dir='ltr'>lllud</span> <span class='ocrx_word' id='word_1_52' title='bbox 641 1821 694 1921; x_wconf 93' lang='lat' dir='ltr'>in</span> <span class='ocrx_word' id='word_1_53' title='bbox 720 1819 799 1921; x_wconf 90' lang='lat' dir='ltr'>his</span> <span class='ocrx_word' id='word_1_54' title='bbox 824 1819 977 1923; x_wconf 90' lang='lat' dir='ltr'>rebus</span> <span class='ocrx_word' id='word_1_55' title='bbox 1002 1823 1173 1923; x_wconf 89' lang='lat' dir='ltr'>mirari</span> <span class='ocrx_word' id='word_1_56' title='bbox 1199 1823 1360 1944; x_wconf 89' lang='lat' dir='ltr'>mitte,</span> <span class='ocrx_word' id='word_1_57' title='bbox 1389 1825 1526 1965; x_wconf 91' lang='lat' dir='ltr'>quod</span> <span class='ocrx_word' id='word_1_58' title='bbox 1556 1847 1710 1926; x_wconf 87' lang='lat' dir='ltr'>aestus</span> 
     </span>
     <span class='ocr_line' id='line_1_9' title="bbox 406 1991 1781 2138; baseline 0.007 -44"><span class='ocrx_word' id='word_1_59' title='bbox 406 1991 530 2095; x_wconf 90' lang='lat' dir='ltr'>Non</span> <span class='ocrx_word' id='word_1_60' title='bbox 556 1997 691 2097; x_wconf 88' lang='lat' dir='ltr'>valet</span> <span class='ocrx_word' id='word_1_61' title='bbox 714 2035 742 2098; x_wconf 92' lang='lat' dir='ltr'>e</span> <span class='ocrx_word' id='word_1_62' title='bbox 767 1994 939 2135; x_wconf 88' lang='lat' dir='ltr'>lapide</span> <span class='ocrx_word' id='word_1_63' title='bbox 966 1996 1061 2099; x_wconf 87' lang='lat' dir='ltr'>hoc</span> <span class='ocrx_word' id='word_1_64' title='bbox 1087 1998 1209 2099; x_wconf 86' lang='lat' dir='ltr'>alias</span> <span class='ocrx_word' id='word_1_65' title='bbox 1235 1999 1498 2138; x_wconf 86' lang='lat' dir='ltr'>impellere</span> <span class='ocrx_word' id='word_1_66' title='bbox 1522 2001 1646 2102; x_wconf 91' lang='lat' dir='ltr'>item</span> <span class='ocrx_word' id='word_1_67' title='bbox 1672 2038 1781 2103; x_wconf 90' lang='lat' dir='ltr'>res:</span> 
     </span>
     <span class='ocr_line' id='line_1_10' title="bbox 276 2146 1906 2317; baseline 0.004 -45"><span class='ocrx_word' id='word_1_68' title='bbox 276 2146 279 2152; x_wconf 25' lang='lat'><strong><em>¹</em></strong></span> <span class='ocrx_word' id='word_1_69' title='bbox 405 2169 639 2274; x_wconf 86' lang='lat' dir='ltr'>Pondere</span> <span class='ocrx_word' id='word_1_70' title='bbox 659 2174 794 2275; x_wconf 85' lang='lat' dir='ltr'>enirn</span> <span class='ocrx_word' id='word_1_71' title='bbox 813 2173 958 2275; x_wconf 85' lang='lat' dir='ltr'>fretae</span> <span class='ocrx_word' id='word_1_72' title='bbox 977 2175 1165 2313; x_wconf 87' lang='lat' dir='ltr'>partim</span> <span class='ocrx_word' id='word_1_73' title='bbox 1186 2197 1337 2297; x_wconf 86' lang='lat' dir='ltr'>stant,</span> <span class='ocrx_word' id='word_1_74' title='bbox 1355 2177 1495 2316; x_wconf 90' lang='lat' dir='ltr'>quod</span> <span class='ocrx_word' id='word_1_75' title='bbox 1516 2216 1680 2317; x_wconf 87' lang='lat' dir='ltr'>genus</span> <span class='ocrx_word' id='word_1_76' title='bbox 1699 2213 1906 2278; x_wconf 72' lang='lat' dir='ltr'>aurumt</span> 
     </span>
     <span class='ocr_line' id='line_1_11' title="bbox 403 2348 1787 2491; baseline 0.005 -43"><span class='ocrx_word' id='word_1_77' title='bbox 403 2348 480 2451; x_wconf 90' lang='lat' dir='ltr'>Ac</span> <span class='ocrx_word' id='word_1_78' title='bbox 506 2352 690 2488; x_wconf 89' lang='lat' dir='ltr'>partim</span> <span class='ocrx_word' id='word_1_79' title='bbox 720 2389 833 2451; x_wconf 89' lang='lat' dir='ltr'>raro</span> <span class='ocrx_word' id='word_1_80' title='bbox 860 2352 983 2489; x_wconf 91' lang='lat' dir='ltr'>quia</span> <span class='ocrx_word' id='word_1_81' title='bbox 1008 2374 1128 2452; x_wconf 90' lang='lat' dir='ltr'>sunt</span> <span class='ocrx_word' id='word_1_82' title='bbox 1152 2351 1267 2454; x_wconf 89' lang='lat' dir='ltr'>cum</span> <span class='ocrx_word' id='word_1_83' title='bbox 1296 2389 1523 2491; x_wconf 89' lang='lat' dir='ltr'>corpore,</span> <span class='ocrx_word' id='word_1_84' title='bbox 1550 2376 1610 2453; x_wconf 94' lang='lat' dir='ltr'>ut</span> <span class='ocrx_word' id='word_1_85' title='bbox 1634 2375 1787 2456; x_wconf 88' lang='lat' dir='ltr'>aestus</span> 
     </span>
     <span class='ocr_line' id='line_1_12' title="bbox 404 2520 1749 2670; baseline 0.007 -47"><span class='ocrx_word' id='word_1_86' title='bbox 404 2520 640 2626; x_wconf 88' lang='lat' dir='ltr'>Pervolet</span> <span class='ocrx_word' id='word_1_87' title='bbox 664 2526 899 2648; x_wconf 91' lang='lat' dir='ltr'>intactus,</span> <span class='ocrx_word' id='word_1_88' title='bbox 927 2553 1197 2667; x_wconf 91' lang='lat' dir='ltr'>nequeunt</span> <span class='ocrx_word' id='word_1_89' title='bbox 1221 2530 1475 2668; x_wconf 86' lang='lat' dir='ltr'>impellier</span> <span class='ocrx_word' id='word_1_90' title='bbox 1501 2568 1749 2670; x_wconf 72' lang='lat' dir='ltr'>usquam,</span> 
     </span>
     <span class='ocr_line' id='line_1_13' title="bbox 404 2695 1660 2844; baseline 0.007 -44"><span class='ocrx_word' id='word_1_91' title='bbox 404 2695 602 2840; x_wconf 83' lang='lat' dir='ltr'>Lignea</span> <span class='ocrx_word' id='word_1_92' title='bbox 626 2702 859 2804; x_wconf 88' lang='lat' dir='ltr'>materies</span> <span class='ocrx_word' id='word_1_93' title='bbox 883 2700 936 2803; x_wconf 86' lang='lat' dir='ltr'>in</span> <span class='ocrx_word' id='word_1_94' title='bbox 964 2743 1068 2844; x_wconf 90' lang='lat' dir='ltr'>quo</span> <span class='ocrx_word' id='word_1_95' title='bbox 1095 2744 1283 2844; x_wconf 85' lang='lat' dir='ltr'>genere</span> <span class='ocrx_word' id='word_1_96' title='bbox 1308 2743 1415 2806; x_wconf 89' lang='lat' dir='ltr'>esse</span> <span class='ocrx_word' id='word_1_97' title='bbox 1440 2704 1660 2809; x_wconf 90' lang='lat' dir='ltr'>videtur.</span> 
     </span>
     <span class='ocr_line' id='line_1_14' title="bbox 272 2878 1553 3023; baseline 0 -42"><span class='ocrx_word' id='word_1_98' title='bbox 272 2988 276 2995; x_wconf 66' lang='grc'>,</span> <span class='ocrx_word' id='word_1_99' title='bbox 361 2907 363 2913; x_wconf 82' lang='grc'><strong>’</strong></span> <span class='ocrx_word' id='word_1_100' title='bbox 402 2878 546 2982; x_wconf 91' lang='lat' dir='ltr'>Inter</span> <span class='ocrx_word' id='word_1_101' title='bbox 571 2904 815 3023; x_wconf 88' lang='lat' dir='ltr'>utrasque</span> <span class='ocrx_word' id='word_1_102' title='bbox 842 2884 1001 3022; x_wconf 89' lang='lat' dir='ltr'>igitur</span> <span class='ocrx_word' id='word_1_103' title='bbox 1019 2883 1137 2985; x_wconf 86' lang='lat' dir='ltr'>ferri</span> <span class='ocrx_word' id='word_1_104' title='bbox 1165 2904 1351 2983; x_wconf 89' lang='lat' dir='ltr'>natura</span> <span class='ocrx_word' id='word_1_105' title='bbox 1374 2880 1553 3003; x_wconf 88' lang='lat' dir='ltr'>locata,</span> 
     </span>
    </p>
   </div>
   <div class='ocr_carea' id='block_1_5' title="bbox 272 3034 1716 3197">
    <p class='ocr_par' dir='ltr' id='par_1_5' title="bbox 272 3034 1716 3197">
     <span class='ocr_line' id='line_1_15' title="bbox 272 3034 1716 3197; baseline -0.001 -39"><span class='ocrx_word' id='word_1_106' title='bbox 272 3166 275 3171; x_wconf 62' lang='grc'>,</span> <span class='ocrx_word' id='word_1_107' title='bbox 401 3056 541 3158; x_wconf 90' lang='lat' dir='ltr'>AEris</span> <span class='ocrx_word' id='word_1_108' title='bbox 567 3055 657 3158; x_wconf 92' lang='lat' dir='ltr'>ubi</span> <span class='ocrx_word' id='word_1_109' title='bbox 680 3059 874 3196; x_wconf 88' lang='lat' dir='ltr'>accepit</span> <span class='ocrx_word' id='word_1_110' title='bbox 902 3045 1138 3197; x_wconf 86' lang='lat' dir='ltr'>quaedam</span> <span class='ocrx_word' id='word_1_111' title='bbox 1166 3034 1484 3196; x_wconf 83' lang='lat' dir='ltr'>corpuscula,</span> <span class='ocrx_word' id='word_1_112' title='bbox 1505 3079 1615 3158; x_wconf 92' lang='lat' dir='ltr'>tum</span> <span class='ocrx_word' id='word_1_113' title='bbox 1640 3057 1716 3181; x_wconf 92' lang='lat' dir='ltr'>fit,</span> 
     </span>
    </p>
   </div>
   <div class='ocr_carea' id='block_1_6' title="bbox 307 3218 1985 5329">
    <p class='ocr_par' dir='ltr' id='par_1_6' title="bbox 401 3218 1663 3372">
     <span class='ocr_line' id='line_1_16' title="bbox 401 3218 1663 3372; baseline -0.002 -39"><span class='ocrx_word' id='word_1_114' title='bbox 401 3218 680 3371; x_wconf 74' lang='lat' dir='ltr'>impellant</span> <span class='ocrx_word' id='word_1_115' title='bbox 704 3255 763 3333; x_wconf 90' lang='lat' dir='ltr'>ut</span> <span class='ocrx_word' id='word_1_116' title='bbox 787 3272 897 3333; x_wconf 90' lang='lat' dir='ltr'>eam</span> <span class='ocrx_word' id='word_1_117' title='bbox 927 3232 1166 3372; x_wconf 83' lang='lat' dir='ltr'>Magnesl</span> <span class='ocrx_word' id='word_1_118' title='bbox 1191 3234 1383 3351; x_wconf 86' lang='lat' dir='ltr'>semina</span> <span class='ocrx_word' id='word_1_119' title='bbox 1408 3233 1532 3332; x_wconf 86' lang='lat' dir='ltr'>saxi.</span> <span class='ocrx_word' id='word_1_120' title='bbox 1659 3248 1663 3256; x_wconf 86' lang='lat'>&#39;</span> 
     </span>
    </p>

    <p class='ocr_par' dir='ltr' id='par_1_7' title="bbox 400 3406 1884 4080">
     <span class='ocr_line' id='line_1_17' title="bbox 457 3406 1808 3554; baseline -0.001 -44"><span class='ocrx_word' id='word_1_121' title='bbox 457 3406 588 3510; x_wconf 89' lang='lat' dir='ltr'>Nec</span> <span class='ocrx_word' id='word_1_122' title='bbox 615 3431 785 3510; x_wconf 88' lang='lat' dir='ltr'>tamen</span> <span class='ocrx_word' id='word_1_123' title='bbox 811 3407 922 3511; x_wconf 86' lang='lat' dir='ltr'>haec</span> <span class='ocrx_word' id='word_1_124' title='bbox 948 3411 1019 3509; x_wconf 90' lang='lat' dir='ltr'>ita</span> <span class='ocrx_word' id='word_1_125' title='bbox 1045 3431 1165 3509; x_wconf 90' lang='lat' dir='ltr'>sunt</span> <span class='ocrx_word' id='word_1_126' title='bbox 1189 3409 1402 3510; x_wconf 87' lang='lat' dir='ltr'>aliarum</span> <span class='ocrx_word' id='word_1_127' title='bbox 1429 3446 1598 3554; x_wconf 87' lang='lat' dir='ltr'>rerum</span> <span class='ocrx_word' id='word_1_128' title='bbox 1626 3408 1808 3530; x_wconf 88' lang='lat' dir='ltr'>aliena,</span> 
     </span>
     <span class='ocr_line' id='line_1_18' title="bbox 401 3581 1884 3725; baseline -0.001 -38"><span class='ocrx_word' id='word_1_129' title='bbox 401 3581 477 3687; x_wconf 92' lang='lat' dir='ltr'>Ut</span> <span class='ocrx_word' id='word_1_130' title='bbox 501 3582 626 3686; x_wconf 80' lang='lat' dir='ltr'>milri</span> <span class='ocrx_word' id='word_1_131' title='bbox 654 3587 814 3688; x_wconf 90' lang='lat' dir='ltr'>multa</span> <span class='ocrx_word' id='word_1_132' title='bbox 839 3625 1023 3725; x_wconf 89' lang='lat' dir='ltr'>parum</span> <span class='ocrx_word' id='word_1_133' title='bbox 1045 3624 1232 3725; x_wconf 87' lang='lat' dir='ltr'>genere</span> <span class='ocrx_word' id='word_1_134' title='bbox 1258 3625 1321 3685; x_wconf 85' lang='lat' dir='ltr'>ex</span> <span class='ocrx_word' id='word_1_135' title='bbox 1349 3583 1444 3685; x_wconf 92' lang='lat' dir='ltr'>hoc</span> <span class='ocrx_word' id='word_1_136' title='bbox 1471 3584 1884 3723; x_wconf 88' lang='lat' dir='ltr'>suppeditentur,</span> 
     </span>
     <span class='ocr_line' id='line_1_19' title="bbox 401 3759 1799 3903; baseline -0.001 -40"><span class='ocrx_word' id='word_1_137' title='bbox 401 3759 535 3882; x_wconf 83' lang='lat' dir='ltr'>Quae</span> <span class='ocrx_word' id='word_1_138' title='bbox 562 3799 840 3862; x_wconf 89' lang='lat' dir='ltr'>memorare</span> <span class='ocrx_word' id='word_1_139' title='bbox 866 3799 1049 3900; x_wconf 89' lang='lat' dir='ltr'>queam</span> <span class='ocrx_word' id='word_1_140' title='bbox 1077 3763 1212 3862; x_wconf 88' lang='lat' dir='ltr'>inter</span> <span class='ocrx_word' id='word_1_141' title='bbox 1237 3799 1288 3861; x_wconf 89' lang='lat' dir='ltr'>se</span> <span class='ocrx_word' id='word_1_142' title='bbox 1315 3759 1642 3899; x_wconf 87' lang='lat' dir='ltr'>singulariter</span> <span class='ocrx_word' id='word_1_143' title='bbox 1665 3786 1799 3903; x_wconf 89' lang='lat' dir='ltr'>apta.</span> 
     </span>
     <span class='ocr_line' id='line_1_20' title="bbox 400 3937 1577 4080; baseline -0.001 -40"><span class='ocrx_word' id='word_1_144' title='bbox 400 3937 537 4042; x_wconf 88' lang='lat' dir='ltr'>Saxa</span> <span class='ocrx_word' id='word_1_145' title='bbox 560 3940 701 4042; x_wconf 90' lang='lat' dir='ltr'>vides</span> <span class='ocrx_word' id='word_1_146' title='bbox 726 3941 949 4080; x_wconf 89' lang='lat' dir='ltr'>primum</span> <span class='ocrx_word' id='word_1_147' title='bbox 976 3940 1082 4041; x_wconf 88' lang='lat' dir='ltr'>sola</span> <span class='ocrx_word' id='word_1_148' title='bbox 1106 3939 1385 4040; x_wconf 89' lang='lat' dir='ltr'>coolesoere</span> <span class='ocrx_word' id='word_1_149' title='bbox 1412 3937 1577 4039; x_wconf 89' lang='lat' dir='ltr'>calce:</span> 
     </span>
    </p>

    <p class='ocr_par' dir='ltr' id='par_1_8' title="bbox 403 4112 1608 4253">
     <span class='ocr_line' id='line_1_21' title="bbox 403 4112 1608 4253; baseline -0.004 -35"><span class='ocrx_word' id='word_1_150' title='bbox 403 4112 619 4219; x_wconf 91' lang='lat' dir='ltr'>Glutine</span> <span class='ocrx_word' id='word_1_151' title='bbox 644 4116 880 4217; x_wconf 88' lang='lat' dir='ltr'>materies</span> <span class='ocrx_word' id='word_1_152' title='bbox 905 4115 1108 4216; x_wconf 88' lang='lat' dir='ltr'>taurino</span> <span class='ocrx_word' id='word_1_153' title='bbox 1133 4114 1205 4214; x_wconf 90' lang='lat' dir='ltr'>ita</span> <span class='ocrx_word' id='word_1_154' title='bbox 1222 4113 1465 4253; x_wconf 86' lang='lat' dir='ltr'>jungitur</span> <span class='ocrx_word' id='word_1_155' title='bbox 1489 4151 1608 4236; x_wconf 89' lang='lat' dir='ltr'>una,</span> 
     </span>
    </p>

    <p class='ocr_par' dir='ltr' id='par_1_9' title="bbox 399 4288 1560 4430">
     <span class='ocr_line' id='line_1_22' title="bbox 399 4288 1560 4430; baseline -0.008 -32"><span class='ocrx_word' id='word_1_156' title='bbox 399 4293 477 4398; x_wconf 93' lang='lat' dir='ltr'>Ut</span> <span class='ocrx_word' id='word_1_157' title='bbox 502 4296 623 4397; x_wconf 87' lang='lat' dir='ltr'>vitio</span> <span class='ocrx_word' id='word_1_158' title='bbox 649 4331 791 4394; x_wconf 85' lang='lat' dir='ltr'>venae</span> <span class='ocrx_word' id='word_1_159' title='bbox 817 4288 1107 4403; x_wconf 86' lang='lat' dir='ltr'>tabularum</span> <span class='ocrx_word' id='word_1_160' title='bbox 1135 4291 1321 4430; x_wconf 86' lang='lat' dir='ltr'>saepius</span> <span class='ocrx_word' id='word_1_161' title='bbox 1347 4289 1560 4412; x_wconf 82' lang='lat' dir='ltr'>hiscant,</span> 
     </span>
    </p>

    <p class='ocr_par' dir='ltr' id='par_1_10' title="bbox 398 4464 1689 4788">
     <span class='ocr_line' id='line_1_23' title="bbox 401 4464 1689 4615; baseline -0.004 -42"><span class='ocrx_word' id='word_1_162' title='bbox 401 4470 573 4594; x_wconf 79' lang='lat' dir='ltr'>Quam</span> <span class='ocrx_word' id='word_1_163' title='bbox 599 4472 770 4570; x_wconf 85' lang='lat' dir='ltr'>laxare</span> <span class='ocrx_word' id='word_1_164' title='bbox 795 4488 990 4608; x_wconf 88' lang='lat' dir='ltr'>queant</span> <span class='ocrx_word' id='word_1_165' title='bbox 1014 4506 1284 4606; x_wconf 84' lang='lat' dir='ltr'>compages</span> <span class='ocrx_word' id='word_1_166' title='bbox 1310 4490 1486 4615; x_wconf 77' lang='lat' dir='ltr'>taprea</span> <span class='ocrx_word' id='word_1_167' title='bbox 1508 4464 1689 4602; x_wconf 88' lang='lat' dir='ltr'>vincla.</span> 
     </span>
     <span class='ocr_line' id='line_1_24' title="bbox 398 4640 1554 4788; baseline -0.01 -36"><span class='ocrx_word' id='word_1_168' title='bbox 398 4646 630 4788; x_wconf 90' lang='lat' dir='ltr'>Vitigeni</span> <span class='ocrx_word' id='word_1_169' title='bbox 652 4646 829 4751; x_wconf 75' lang='lat' dir='ltr'>‚latices</span> <span class='ocrx_word' id='word_1_170' title='bbox 854 4645 905 4742; x_wconf 89' lang='lat' dir='ltr'>in</span> <span class='ocrx_word' id='word_1_171' title='bbox 934 4652 1087 4783; x_wconf 87' lang='lat' dir='ltr'>aquai</span> <span class='ocrx_word' id='word_1_172' title='bbox 1106 4642 1334 4746; x_wconf 84' lang='lat' dir='ltr'>fontibus</span> <span class='ocrx_word' id='word_1_173' title='bbox 1358 4640 1554 4742; x_wconf 89' lang='lat' dir='ltr'>audent</span> 
     </span>
    </p>

    <p class='ocr_par' dir='ltr' id='par_1_11' title="bbox 307 4817 1985 5329">
     <span class='ocr_line' id='line_1_25' title="bbox 398 4817 1985 4964; baseline -0.006 -36"><span class='ocrx_word' id='word_1_174' title='bbox 398 4824 624 4948; x_wconf 87' lang='lat' dir='ltr'>Misceri,</span> <span class='ocrx_word' id='word_1_175' title='bbox 652 4859 810 4964; x_wconf 91' lang='lat' dir='ltr'>quom</span> <span class='ocrx_word' id='word_1_176' title='bbox 835 4820 924 4959; x_wconf 81' lang='lat' dir='ltr'>pix</span> <span class='ocrx_word' id='word_1_177' title='bbox 953 4842 1178 4960; x_wconf 88' lang='lat' dir='ltr'>nequeat</span> <span class='ocrx_word' id='word_1_178' title='bbox 1203 4821 1385 4960; x_wconf 88' lang='lat' dir='ltr'>gravis,</span> <span class='ocrx_word' id='word_1_179' title='bbox 1413 4840 1465 4918; x_wconf 88' lang='lat' dir='ltr'>et</span> <span class='ocrx_word' id='word_1_180' title='bbox 1488 4817 1597 4918; x_wconf 90' lang='lat' dir='ltr'>leve</span> <span class='ocrx_word' id='word_1_181' title='bbox 1622 4817 1838 4919; x_wconf 84' lang='lat' dir='ltr'>clivom:</span> <span class='ocrx_word' id='word_1_182' title='bbox 1983 4960 1985 4964; x_wconf 10' lang='grc' dir='ltr'><em>Α</em></span> 
     </span>
     <span class='ocr_line' id='line_1_26' title="bbox 307 4995 1631 5144; baseline -0.013 -32"><span class='ocrx_word' id='word_1_183' title='bbox 307 5005 309 5009; x_wconf 55' lang='grc'><strong>’</strong></span> <span class='ocrx_word' id='word_1_184' title='bbox 396 5004 802 5144; x_wconf 83' lang='lat' dir='ltr'>Purpureusque</span> <span class='ocrx_word' id='word_1_185' title='bbox 828 5000 964 5100; x_wconf 88' lang='lat' dir='ltr'>colos</span> <span class='ocrx_word' id='word_1_186' title='bbox 991 4995 1226 5138; x_wconf 88' lang='lat' dir='ltr'>conchyli</span> <span class='ocrx_word' id='word_1_187' title='bbox 1253 4995 1503 5133; x_wconf 89' lang='lat' dir='ltr'>mergitur</span> <span class='ocrx_word' id='word_1_188' title='bbox 1527 5031 1631 5095; x_wconf 90' lang='lat' dir='ltr'>uua</span> 
     </span>
     <span class='ocr_line' id='line_1_27' title="bbox 399 5171 1905 5329; baseline -0.013 -42"><span class='ocrx_word' id='word_1_189' title='bbox 399 5182 626 5325; x_wconf 89' lang='lat' dir='ltr'>Corpore</span> <span class='ocrx_word' id='word_1_190' title='bbox 653 5217 768 5282; x_wconf 91' lang='lat' dir='ltr'>cum</span> <span class='ocrx_word' id='word_1_191' title='bbox 793 5177 944 5299; x_wconf 86' lang='lat' dir='ltr'>lanae,</span> <span class='ocrx_word' id='word_1_192' title='bbox 970 5173 1141 5278; x_wconf 87' lang='lat' dir='ltr'>dirimi</span> <span class='ocrx_word' id='word_1_193' title='bbox 1169 5172 1261 5314; x_wconf 92' lang='lat' dir='ltr'>qui</span> <span class='ocrx_word' id='word_1_194' title='bbox 1286 5209 1389 5275; x_wconf 91' lang='lat' dir='ltr'>non</span> <span class='ocrx_word' id='word_1_195' title='bbox 1416 5171 1573 5312; x_wconf 87' lang='lat' dir='ltr'>queat</span> <span class='ocrx_word' id='word_1_196' title='bbox 1597 5204 1847 5329; x_wconf 72' lang='lat' dir='ltr'>usquamt</span> <span class='ocrx_word' id='word_1_197' title='bbox 1894 5259 1905 5268; x_wconf 86' lang='lat'>..</span> 
     </span>
    </p>
   </div>
   <div class='ocr_carea' id='block_1_7' title="bbox 0 0 2304 6112">
    <p class='ocr_par' dir='ltr' id='par_1_12' title="bbox 0 0 2304 6112">
     <span class='ocr_line' id='line_1_28' title="bbox 0 0 2304 6112; baseline 0 4"><span class='ocrx_word' id='word_1_198' title='bbox 0 0 2304 6112; x_wconf 95' lang='lat' dir='ltr'> </span> 
     </span>
    </p>
   </div>
  </div>
 </body>
</html>
