4598 6112
272 448 275 453 ’
413 482 522 585 aa
784 499 843 588 r.
911 487 1337 588 tucnnrm
1402 495 1612 590 cant

529 751 665 867 Nam
684 756 825 894 quod
845 795 957 857 rara
974 756 1115 856 vides
1140 758 1301 895 magis
1318 796 1424 858 esse
1439 761 1674 860 animalia
1689 759 1943 899 quaedam,

435 908 868 1070 'Foecundamque
896 935 1061 1034 minus
1088 956 1316 1033 naturam
1344 936 1504 1034 cernis
1530 935 1582 1034 in
1608 936 1705 1035 illis
1723 977 1736 1058 ;

454 1104 527 1204 At
551 1107 774 1242 regione,
801 1108 1015 1247 locoque
1042 1108 1155 1227 alio,
1183 1108 1430 1247 terrisque
1456 1111 1675 1229 remotiS,
1767 1178 1771 1183 -

445 1275 630 1378 Multa
653 1280 774 1382 licet
797 1294 983 1419 genere
1009 1320 1113 1382 esse
1140 1282 1193 1380 in
1220 1321 1294 1402 eo,
1324 1277 1694 1420 numerumque
1719 1281 1920 1419 repleri

459 1450 603 1553 Sicut
628 1455 1018 1594 quadrupedum
1048 1465 1161 1556 cum
1189 1459 1364 1592 primis
1389 1494 1494 1556 esse
1519 1455 1748 1557 videmus

460 1625 522 1729 In
547 1668 732 1766 genere
758 1633 1090 1768 anguimanos
1115 1629 1427 1768 elephantos,
1458 1628 1604 1731 India
1630 1600 1858 1770 quorum

460 1799 695 1906 Mittibus
720 1844 748 1903 e
774 1806 947 1905 multis
971 1806 1102 1906 vallo
1127 1804 1356 1918 munitur
1380 1803 1592 1924 eburn0,
1728 1830 1731 1835 ’
1825 1806 1831 1818 ’
1882 1808 1885 1815 ’

458 1975 535 2079 Ut
557 1981 762 2115 penitus
780 1993 1012 2124 nequeat
1036 1981 1320 2118 penetrari,
1358 1989 1500 2080 tanta
1524 1979 1745 2080 ferarum

458 2149 550 2253 Vis
576 2175 666 2272 est,
695 2168 922 2292 quarum
938 2194 1029 2255 nos
1054 2163 1309 2292 perpauca
1334 2155 1569 2291 exempla
1592 2155 1837 2269 videmus.

530 2324 630 2428 Sed
647 2350 814 2427 tamen
833 2326 885 2426 id
903 2366 1109 2466 quoque
1124 2330 1200 2428 uti
1217 2327 1507 2447 concedam,¹
1517 2367 1671 2467 quam
1685 2328 1826 2450 libet,
1839 2353 1947 2431 esto

458 2498 625 2602 Unica
650 2539 729 2600 res
755 2498 990 2636 quaedam
1015 2502 1185 2600 nativo
1210 2538 1418 2638 corpore
1444 2503 1563 2622 sola,
1701 2508 1704 2515 ’
1832 2507 1835 2513 ’

340 2652 341 2657 ¹
462 2671 599 2794 Quoi
619 2674 793 2774 similis
817 2695 925 2773 toto
950 2696 1199 2775 terrarum
1226 2714 1327 2774 non
1355 2677 1419 2776 sit
1443 2678 1496 2776 in
1521 2675 1673 2777 orbe:

460 2846 670 2985 Infinita
693 2871 872 2974 tamen
888 2849 983 2947 nisi
1009 2851 1105 2948 erit
1128 2851 1200 2949 vis
1226 2851 1452 2950 materiai

459 3023 613 3126 Unde
639 3062 697 3123 ea
721 3023 960 3161 progigni
984 3025 1144 3160 possit
1167 3048 1426 3162 concepta,
1454 3027 1611 3126 creari

462 3194 585 3297 Non
599 3200 788 3334 poterit
796 3240 809 3320 ;
826 3235 1009 3335 neque,
1028 3198 1168 3336 qnod
1188 3210 1432 3335 superest,
1448 3237 1781 3336 procrescere,
1806 3201 1995 3341 alique.

533 3370 741 3510 Quippe
768 3375 954 3472 etenim
981 3394 1182 3471 sumant
1206 3373 1356 3491 oculi,
1383 3372 1526 3474 finita
1550 3411 1644 3510 per
1667 3413 1816 3476 omne
2080 3444 2082 3449 -

465 3546 692 3687 Corpora
709 3519 891 3685 jactari
916 3549 1068 3652 unius
1089 3541 1332 3685 genitalia
1356 3548 1479 3686 reji3
1930 3544 1932 3548 ⁵

463 3723 634 3844 Unde,
665 3723 768 3843 ubi,
790 3764 895 3865 qua
919 3725 984 3844 vi,
1011 3745 1062 3822 et
1088 3760 1190 3860 quo
1215 3741 1365 3858 paeto
1392 3760 1658 3860 congressa
1683 3723 1894 3826 coibunt

466 3898 699 4000 Materiae
726 3922 868 3998 tanto
893 3899 943 3997 in
972 3897 1168 4032 pelago,
1196 3889 1453 4035 turbaque
1479 3897 1674 3998 aliena?

387 4091 388 4094 ‘
468 4071 589 4174 Non
616 4077 702 4210 (ut
726 4073 932 4212 opinor>
959 4069 1150 4173 habent
1173 4073 1419 4173 rationem
1446 4071 1776 4174 conciliandi:
1885 4166 1888 4173 ,

468 4248 567 4350 Sed
596 4249 739 4385 quasi
763 4245 1040 4382 naufragiis
1064 4249 1259 4383 magnis
1279 4248 1555 4387 multisque
1581 4250 1778 4369 coortis,

467 4420 748 4559 Disjectare
773 4420 900 4537 solet
923 4458 1166 4556 magnum
1192 4457 1327 4519 mare
1352 4428 1585 4540 transtra,
1613 4421 1858 4558 guberna,

466 4589 745 4713 Antennas,
772 4631 991 4731 proram,
1018 4562 1194 4710 malos,
1221 4596 1492 4731 tonsasque
1517 4598 1782 4718 natanteis,

340 4763 343 4771 ’
411 4770 414 4775 ’
469 4768 568 4871 Per
587 4741 833 4871 terrarum
861 4768 1052 4868 omneis
1076 4805 1187 4868 oras
1212 4768 1464 4905 fluitantia
1489 4770 1745 4907 aplustra;

469 4940 545 5046 Ut
572 4943 850 5059 videantur,
879 4967 931 5043 et
955 4942 1198 5043 indicium
1225 4943 1520 5043 mortalibus
1546 4944 1715 5066 edant,

471 5118 623 5223 Infidi
650 5119 798 5247 maris
823 5089 1044 5239 insidias,
1070 5118 1337 5268 vireisque,
1366 5101 1644 5255 dolumque
