4598 6112
323 628 327 635 ¹
467 481 563 584 164
801 480 1640 592 T.LUCRETIICAR1

461 751 657 855 Pabula
682 753 838 889 ducit,
867 781 918 856 et
942 796 969 856 a
995 780 1126 859 tetro
1151 760 1342 858 resilire
1368 799 1563 860 veneno

463 925 619 1065 Cogit
634 971 647 1048 3
687 969 848 1068 eoque
874 934 1024 1033 modo
1051 954 1311 1033 servantur
1336 934 1485 1033 saecla
1504 935 1745 1042 ferarum.

533 1101 632 1204 llic
658 1105 783 1205 odor
806 1108 914 1245 ipse
939 1110 1113 1247 igitur,
1140 1108 1302 1205 nareis
1328 1109 1626 1247 quicunque
1653 1108 1867 1230 lacessit,

465 1275 556 1378 Est
581 1278 678 1379 alio
704 1285 942 1419 utpossit
959 1282 1190 1421 permitti
1216 1281 1417 1419 longius
1443 1284 1571 1383 alter
1586 1326 1599 1406 ;

462 1451 560 1553 Sed
589 1477 757 1555 tamen
785 1454 921 1554 haud
950 1457 1219 1593 quisquam
1247 1480 1349 1555 tam
1376 1456 1526 1595 longe
1554 1457 1716 1557 fertur
1740 1494 1913 1556 eorum

462 1623 631 1748 Quam
659 1632 866 1750 aonium,
895 1670 1047 1771 quam
1070 1670 1182 1750 vox,
1203 1631 1349 1730 mitto
1368 1630 1473 1767 jam
1495 1632 1662 1731 dicere
1683 1668 1837 1769 quam
1858 1668 1938 1729 res

461 1800 594 1925 Quae
620 1805 810 1908 feriunt
835 1807 1093 1905 oculorum
1122 1807 1250 1906 acies
1269 1776 1535 1944 visumque
1561 1805 1846 1904 lacessunt:

461 1975 795 2080 Errabundus
821 1983 955 2080 enim
982 1980 1124 2080 tarde
1149 1981 1307 2100 venit,
1331 2019 1387 2079 ac
1412 1981 1547 2117 perit
1571 2004 1688 2080 ante

460 2152 731 2255 Paullatim
758 2154 918 2255 facilis
945 2157 1214 2257 distractus
1240 2157 1291 2254 in
1320 2158 1448 2256 aeris
1474 2195 1650 2279 auras;

461 2329 542 2431 Ex
569 2331 671 2430 alto
699 2332 918 2467 primum
945 2332 1069 2470 quia
1092 2332 1176 2430 vix
1204 2333 1454 2431 emittitur
1478 2370 1541 2430 ex
1568 2369 1638 2430 re.
1714 2375 1720 2385 ·

462 2504 600 2607 Nam
627 2507 829 2642 penitus
855 2509 1013 2607 fluere
1035 2528 1190 2643 atque
1216 2509 1451 2610 recedere
1477 2508 1628 2608 rebus
1654 2507 1833 2610 odores

460 2680 740 2819 Significat,
769 2679 906 2819 quod
935 2679 1095 2778 fracta
1120 2684 1280 2820 magis
1307 2683 1534 2783 redolere
1560 2683 1800 2784 videntur

461 2855 665 2977 Omnia,
695 2858 830 2995 quod
860 2859 1091 2974 contrita,
1120 2855 1258 2995 quod
1286 2858 1389 2995 igni
1418 2854 1777 2959 conlabefacta.

357 3104 361 3113 -
509 3029 731 3131 Deinde
757 3033 927 3132 videre
954 3032 1071 3132 licet
1096 3030 1369 3170 majoribus
1389 3071 1493 3134 esse
1520 3055 1745 3135 creatum

459 3202 729 3338 Principiis
756 3207 893 3328 voci;
933 3204 1171 3341 quoniam
1192 3243 1285 3342 per
1311 3246 1459 3306 saxea
1485 3229 1645 3343 saepta

462 3381 583 3482 Non
611 3404 860 3519 penetrat,
888 3420 991 3520 qua
1015 3421 1112 3482 vox
1137 3383 1287 3519 volgo
1314 3384 1610 3518 sonitusque
1632 3380 1881 3515 feruntur.

361 3587 367 3595 ·
461 3556 634 3678 Quare
660 3561 811 3695 etiam
839 3559 975 3697 quod
1005 3561 1123 3679 olet,
1151 3598 1252 3658 non
1279 3580 1381 3655 tam
1409 3556 1552 3655 facile
1579 3593 1685 3654 esse
1708 3555 1905 3656 videbis

461 3739 772 3880 Investigarc
798 3744 849 3842 in
877 3780 982 3879 qua
1009 3744 1074 3841 sit
1098 3741 1305 3877 regione
1329 3737 1580 3836 locatum:

462 3912 764 4052 Refrigescit
788 3917 923 4063 enim
950 3914 1238 4041 cunctando
1265 3912 1418 4049 plaga
1442 3947 1535 4046 per
1559 3946 1720 4029 aurata,

463 4090 577 4193 Nec
604 4092 766 4191 calida
791 4092 852 4190 ad
881 4130 1084 4193 sensum
1110 4086 1335 4190 decurrit
1359 4085 1538 4184 nuntia
1564 4092 1764 4207 rerum3

463 4265 652 4368 Errant
677 4306 810 4405 saepe
836 4308 982 4369 canes
1009 4271 1200 4406 itaque,
1228 4284 1279 4361 et
1302 4258 1510 4395 vestigia
1540 4279 1798 4396 quaerunt.

533 4438 646 4540 Nec
672 4463 837 4541 tamen
867 4439 961 4541 hoo
987 4443 1102 4541 solis
1129 4442 1179 4539 in
1207 4434 1465 4551 odoribus,
1486 4452 1641 4568 atque
1667 4467 1903 4566 saporum

464 4615 525 4718 ln
551 4652 738 4755 genere
764 4636 866 4715 est:
908 4615 996 4715 sed
1022 4618 1144 4716 item
1171 4611 1362 4749 species
1382 4645 1559 4758 1rerum
1584 4628 1739 4744 atque
1765 4605 1958 4704 colores
2071 4715 2076 4721 ¹

464 4789 585 4893 Non
614 4791 685 4890 ita
710 4790 1016 4890 conveniunt
1043 4789 1104 4890 ad
1132 4822 1306 4889 seusus
1330 4780 1565 4883 omnibus
1590 4790 1780 4898 amaea,

468 4965 538 5070 Ut
562 5005 663 5065 non
690 4967 790 5067 sint
815 4968 926 5066 aliis
950 4966 1187 5106 quaedam
1215 4961 1376 5099 magis
1400 4958 1531 5109 acria
1550 4958 1676 5058 visu.
1721 4961 1727 4973 ’

534 5120 829 5261 Quinetiam
856 5142 1066 5281 gallum,
1094 5163 1295 5242 noctem
1320 5131 1749 5271 explaudentibus
1773 5133 1884 5253 alis,
