4598 6112
545 1198 2105 1446 ἯιυοηΤΙΙοΑΒτ1

700 1689 827 1782 DE
888 1688 1258 1789 RERUM
1312 1687 1755 1783 NATURA

862 2054 1162 2193 ‘tinen
1211 2051 1596 2160 sextus

858 2531 1585 2550 *W

485 2866 545 3012 P
548 2956 701 3063 niun
728 2915 998 3055 frugiferos
1022 2917 1172 3019 faetus
1197 2915 1494 3020 mortalibus
1519 2924 1668 3060 aegris

397 3198 413 3223 ‚
486 3089 802 3193 Dididerunt
828 3092 1086 3231 quondam
1112 3095 1356 3231 praeelaro
1382 3095 1584 3196 nomine
1609 3094 1857 3199 Athenae:

486 3262 556 3366 Et
581 3291 936 3372 recreaverunt
958 3269 1130 3390 vitam,
1156 3269 1397 3408 legesque
1421 3272 1697 3409 rogtrunt:

487 3436 556 3540 Et
581 3443 760 3579 primae
788 3442 1041 3543 dederunt
1064 3441 1240 3541 solatia
1266 3441 1433 3543 dulcia
1458 3445 1591 3566 vitae,

488 3614 659 3736 Quom
687 3655 911 3755 genuere
937 3616 1120 3719 Virum
1147 3618 1236 3719 tali
1261 3654 1378 3720 oum
1403 3617 1554 3719 corde
1579 3643 1858 3758 repertum,

489 3790 680 3893 Omnia
704 3790 926 3893 veridico
953 3794 1042 3932 qui
1070 3792 1328 3932 quondam
1355 3830 1419 3892 ex
1444 3830 1531 3893 ore
1556 3794 1787 3931 profudit
1801 3838 1816 3921 ;

490 3964 690 4105 Quojus
717 3988 768 4066 et
793 3967 1027 4068 exstincti
1053 3991 1263 4108 propter
1290 3966 1460 4071 divina
1483 3992 1687 4108 reperta

489 4137 766 4279 Divolgata
790 4162 951 4261 vetus,
971 4141 1079 4278 jam
1104 4112 1169 4244 ad
1195 4143 1376 4245 eoelum
1401 4143 1563 4280 gloria
1579 4143 1756 4247 fertur.

560 4315 699 4419 Nam
726 4356 881 4459 quom
903 4317 1029 4419 vidit
1052 4315 1151 4438 hio,
1175 4317 1235 4416 ad
1265 4318 1453 4419 vietum
1479 4354 1596 4455 quae
1621 4319 1821 4457 flagitat
1843 4355 1980 4439 usus,

491 4508 523 4549 “
549 4489 629 4612 Et,
657 4507 749 4629 per
775 4532 892 4633 quae
916 4511 1122 4631 possent
1142 4490 1296 4592 vitam
1323 4491 1600 4592 consistere
1616 4514 1796 4614 tutam,

494 4667 685 4769 Omnia
702 4668 810 4806 jam
835 4670 994 4770 ferme
1020 4666 1317 4770 mortalibus
1343 4704 1448 4767 esse
1474 4690 1679 4804 parata3

492 4837 699 4943 Divitiis
724 4841 967 4964 homines,
995 4841 1279 4964 ethonore,
1306 4866 1358 4942 et
1381 4842 1534 4943 laude
1558 4839 1809 4980 potenteis

491 5014 753 5139 Adfluere,
780 5038 934 5156 atque
959 5014 1095 5118 bona
1116 5037 1351 5117 natorum
1377 5017 1624 5117 excellere
1646 5015 1808 5116 forna:

494 5186 609 5292 Nee
635 5193 804 5293 minus
830 5228 936 5293 esse
962 5190 1101 5311 domi
1127 5192 1412 5334 quoiquam¹
1431 5215 1603 5295 tamen
1628 5191 1781 5294 anxia
1798 5158 1964 5312 corde,
