4598 6112
724 646 726 653 Ι
787 478 1069 624 iruna
1129 526 1545 661 noturus.
1807 539 1905 631 aar

346 920 349 925 ἱ
412 792 740 938 Plerumque,
766 818 819 897 et
843 833 963 936 quaa
987 816 1108 896 sunt
1131 795 1242 896 aliis
1266 797 1429 935 magis
1454 796 1592 900 edita
1617 836 1853 940 cunque:

412 967 845 1111 Quandoquidem
870 970 1077 1108 sapiunt
1099 967 1265 1085 alieno
1290 1008 1354 1071 ex
1380 1009 1496 1097 ore3
1533 996 1826 1113 petuntque

410 1140 512 1244 Res
537 1182 601 1244 ex
626 1144 813 1246 auditis
835 1143 1006 1282 potius
1030 1179 1185 1282 quarn
1212 1143 1440 1247 sensibus
1464 1147 1625 1286 ipsist·
1754 1174 1758 1183 “

368 1404 379 1411 ,
411 1315 525 1420 Nee
550 1321 710 1458 magis
734 1320 788 1420 id
814 1356 952 1422 nune
976 1339 1069 1438 est,
1089 1355 1182 1420 nec
1202 1319 1298 1419 erit
1316 1358 1451 1441 mox,
1479 1358 1635 1460 quam
1653 1320 1754 1424 fuit
1771 1346 1909 1426 ante,

483 1491 622 1633 Ergo
647 1493 857 1635 regibus
879 1495 1054 1598 occisis
1077 1491 1315 1600 subversa
1330 1491 1536 1631 jacebat

409 1663 630 1768 Pristina
654 1669 886 1807 majestas
911 1669 1171 1788 soliorum,
1196 1689 1248 1779 et
1272 1689 1474 1807 sceptra
1494 1669 1745 1808 superba3

408 1838 479 1941 Et
503 1843 682 1979 eapitis
706 1845 895 1944 summi
916 1845 1219 1982 praeclarum
1243 1843 1446 1983 insigne
1463 1868 1732 1948 cruentum

409 2013 517 2115 Sub
543 2015 771 2154 pedibus·
786 2017 923 2156 volgi
949 2055 1194 2156 magnum
1216 2015 1430 2156 lugebat
1455 2016 1733 2122 honorem:
1799 2012 1802 2017 ’

409 2185 548 2290 Nam
574 2190 758 2330 cupide
784 2193 1113 2337 conculcatur
1136 2192 1295 2292 nimis·
1310 2186 1427 2292 ante
1453 2216 1722 2300 metutum.

476 2363 578 2466 Res
604 2367 780 2507 itaque
807 2367 871 2469 ad
897 2405 1144 2470 summam
1170 2366 1348 2469 faeeem
1373 2365 1653 2508 turbasque
1680 2369 1899 2493 redibat,

408 2536 695 2678 Imperium·
706 2539 801 2643 sibi
828 2580 1001 2681 quom,
1019 2581 1075 2643 ac
1101 2564 1408 2642 summatum
1436 2544 1655 2684 quisque
1673 2544 1900 2685 petebat.

407 2715 544 2819 Inde·
562 2720 915 2860 magistratum
937 2708 1128 2859 partini
1151 2717 1368 2820 docuere
1394 2755 1598 2840 creare,¹
1703 2786 1706 2790 ›

404 2892 438 2996 J
444 2933 637 3032 uraque
664 2898 990 3017 constituere,
1016 2918 1077 2996 ut
1098 2894 1290 2996 veilent
1311 2890 1514 3031 legibus
1536 2895 1652 2995 uti:

407 3065 546 3169 Nam
571 3106 733 3206 genus
752 3067 1046 3188 ¹humanum·
1065 3065 1317 3169 defessum
1341 3067 1391 3167 ui
1416 3067 1579 3168 colere
1604 3106 1789 3191 aevonr,

406 3241 488 3343 Ex
512 3243 792 3344 inim-ieitiis-
810 3242 1116 3383 languebat:
1158 3261 1266 3381 quo·
1287 3240 1448 3381 magis
1471 3243 1643 3381 ipsum-

407 3416 600 3559 Sponte
625 3456 717 3520 sua
740 3417 923 3519 cecidit
946 3416 1041 3518 sub
1068 3418 1207 3556 leges
1231 3441 1471 3559 arctaque
1490 3418 1644 3556 jura:

404 3592 587 3695 Acrius
612 3631 674 3692 ex
700 3594 777 3693 ira
800 3593 941 3732 quod
965 3592 1103 3692 enim
1127 3628 1185 3694 se·
1204 3595 1425 3732 quisque
1442 3580 1665 3730 parabat

406 3764 611 3887 Ulcisei,
638 3802 792 3906 quam
818 3802 962 3866 nune
979 3802 1268 3867 eoncessum
1297 3789 1374 3867 est
1396 3764 1603 3906 legibus·
1620 3768 1813 3904 aequis3
1884 3819 1888 3827 ·

406 3942 555 4045 Hane
581 3943 647 4044 ob
674 3981 781 4044 rem
807 3965 883 4045 est
907 3940 1135 4088 homines
1154 3963 1426 4080 pertaesum
1443 3943 1493 4042 vi
1519 3941 1689 4042 eolere
1708 3980 1904 4068 aevons·;·

404 4116 560 4222 Unde
586 4142 750 4220 metus
774 4120 1292 4259 maculatpoenarum·
1308 4116 1521 4254 praemia
1542 4116 1683 4222 vitae.

409 4292 736 4397 circumretit
761 4295 895 4394 enim
924 4294 996 4395 vis
1021 4316 1177 4430 atque
1200 4291 1392 4429 injuria-
1412 4326 1695 4430 quemque,

403 4470 595 4607 Atque,
621 4468 759 4570 unde
785 4489 961 4569 exorta
984 4467 1166 4590 est5ad·
1187 4502 1312 4568 eurn
1328 4464 1636 4603 plerumque
1658 4466 1895 4567 revertit:
1963 4496 1968 4508 ’

406 4639 521 4745 Nec
544 4641 690 4742 facile
716 4664 793 4742 est
812 4642 1065 4781 placidam
1090 4662 1403 4779 arr-pacatam
1427 4639 1612 4779 degere
1637 4640 1811 4760 vitam,

408 4816 515 4938 Qui
539 4816 696 4919 violat
718 4816 864 4919 saetis
887 4818 1173 4920 eommunia
1195 4814 1393 4915 foedera-
1408 4815 1563 4951 pacis.

406 4990 515 5093 Etsi
541 4991 673 5092 fallit
689 4993 837 5137 enim·-
856 4992 1023 5094 divdnr
1047 5026 1208 5131 genus
1233 4987 1637 5127 humanumque,
1812 5086 1819 5097 ,

297 5186 305 5193 ’
406 5165 662 5308 Perpetuo
684 5190 855 5287 tamen
878 5167 931 5268 id
956 5165 1064 5270 fore
1090 5169 1220 5270 clam
1244 5161 1475 5266 diffidere
1500 5159 1655 5262 debet
1671 5200 1692 5262 2.
