4598 6112
693 434 710 454 ”
756 446 1037 596 noua
1080 462 1489 597 'ruamus
1771 496 1862 597 ror

374 761 447 864 Et
472 762 606 902 pigri
632 762 806 864 latices
830 765 1008 902 magis,
1035 786 1086 864 et
1109 736 1429 898 cunetanlior
1446 783 1588 863 aetus
1608 773 1625 883 ;'

378 933 557 1037 Haeret
580 938 716 1038 enim
741 938 875 1038 inter
898 974 951 1038 se
976 940 1136 1076 magis
1160 937 1323 1037 omnis
1349 936 1577 1051 materiai

378 1109 570 1249 Copia3
608 1112 849 1212 nimirum
876 1111 997 1247 quia
1022 1132 1248 1211 nontam
1273 1108 1486 1210 laevibus
1511 1129 1677 1213 exstat

197 1300 204 1313 '
365 1271 707 1423 'Corporibus
731 1321 901 1424 neque
924 1306 1029 1383 tam
1055 1280 1327 1427 subtilibus
1351 1304 1508 1421 atque
1534 1280 1796 1383 rotundis:

378 1452 623 1595 Namque
649 1493 976 1596 papaverum,
997 1487 1121 1556 aura
1144 1469 1313 1592 potest
1337 1492 1581 1592 suspensa
1604 1455 1833 1592 levisque

378 1625 592 1767 Cogere,
621 1653 680 1731 ut
709 1628 773 1730 ab
800 1667 995 1775 summo
1020 1627 1115 1728 tibi
1142 1603 1340 1730 diffluat
1364 1631 1496 1729 altus
1520 1667 1756 1751 acervus3

375 1800 449 1902 At
472 1827 648 1905 contra
671 1804 903 1943 lapidum
925 1803 1212 1941 conjectum
1237 1802 1613 1942 spiolorumque

351 1950 539 2111 'Nenu
563 1993 760 2114 potest:
799 1978 959 2113 igitur
981 1979 1276 2116 parvissima
1300 2015 1511 2116 corpora
1537 1999 1731 2116 quanto

378 2147 449 2251 Et
472 2150 736 2252 laevissima
761 2130 897 2270 sunt}
923 2152 998 2295 ita
1020 2151 1301 2253 mobilitata
1325 2153 1582 2254 feruntur.'

376 2323 448 2424 At
472 2346 648 2427 eontra
673 2364 778 2465 quo
805 2363 1028 2465 quaeque
1053 2326 1214 2462 magis
1238 2363 1357 2427 oum
1380 2306 1607 2463 pondere
1635 2363 1822 2464 magno

376 2499 678 2637 Asperaque
703 2498 1047 2619 inveniuntur,
1072 2538 1134 2600 eo
1160 2499 1381 2601 stabilita
1406 2500 1568 2639 magis
1592 2518 1727 2603 sunt.
1776 2477 1780 2519 ³

449 2669 608 2775 Nune
633 2672 807 2811 igitur,
830 2673 1070 2812 quoniam
1094 2696 1173 2774 est
1195 2675 1352 2774 animi
1377 2660 1845 2835 naturarep'erta'.

377 2841 589 2946 Mobilis
613 2849 837 2985 egregie,
867 2885 1124 2987 perquam
1151 2872 1379 2950 constare
1397 2848 1600 2950 necesse
1624 2872 1703 2950 est
1831 2848 1834 2852 ’

380 3016 693 3158 Corporibus
717 3023 885 3160 parvis
910 3045 963 3122 et
986 3019 1198 3125 laevibus
1223 3045 1379 3162 atque
1405 3022 1653 3125 rotundis.
1681 3072 1686 3084 ·
1725 3028 1730 3035 ’

379 3189 511 3313 Quae
538 3191 632 3293 tibi
657 3195 862 3332 cognita
884 3231 965 3296 res
988 3196 1043 3295 iu
1067 3195 1257 3317 multis
1286 3192 1335 3297 Ο
1361 3195 1511 3318 bone,
1537 3195 1696 3298 rebus

376 3346 859 3491 Utilis'iuvenietun
885 3392 938 3470 et
959 3393 1250 3509 opportuna
1272 3370 1479 3474 cluebit.

450 3542 578 3646 Haeo
605 3583 811 3684 quoque
835 3582 916 3647 res
941 3547 1094 3648 etiam
1119 3568 1352 3647 naturam
1381 3545 1614 3686 deliquat
1637 3543 1762 3683 ejus,
1831 3558 1835 3565 ’

378 3717 549 3840 Quam
574 3720 719 3820 tenui
744 3741 940 3821 constet
963 3743 1186 3843 textura,
1213 3719 1611 3858 quamque'looo
1635 3757 1688 3820 so

381 3891 653 3994 Contineat
676 3912 849 4031 parvo,
876 3895 916 3995 si
941 3896 1099 4032 possit
1124 3892 1518 4032 conglomerari:

381 4065 536 4187 Quod
561 4068 708 4168 simul
734 4074 892 4208 atque
917 4067 1174 4170 hominem
1197 4065 1324 4168 lethi
1349 4103 1527 4170 secura
1551 4067 1707 4207 quies
1723 4080 1800 4169 est

365 4238 614 4378 alodepta,
638 4263 796 4380 atque
820 4243 975 4343 animi
1001 4264 1198 4362 natura,
1225 4212 1511 4379 animaeque
1535 4243 1757 4362 recessit,
1790 4304 1794 4310 ·

380 4412 473 4518 Nil
499 4414 572 4514 ibi
597 4413 812 4517 libatum
836 4416 900 4517 de
927 4441 1035 4519 toto
1059 4454 1268 4555 corpore
1293 4428 1467 4517 cernas
1671 4555 1678 4564 ·

376 4588 459 4691 Ad
487 4574 725 4728 speciem,¹
748 4592 822 4694 nil
845 4590 911 4693 ad
936 4591 1169 4730 pondus3
1206 4628 1339 4691 mors
1357 4593 1535 4715 omisis
1555 4581 1782 4731 praeitat,

377 4763 599 4868 Vitalem
625 4789 813 4905 praeter
836 4756 1066 4884 sensum,-
1081 4747 1407 4905 calidumque
1431 4805 1686 4906 vaporem.

366 4938 520 5080 Ergo
545 4942 763 5044 animam
787 4960 946 5044 totam
970 4939 1230 5076 perparvis
1254 4977 1360 5039 esse
1385 4976 1587 5042 neeesse
1611 4900 1699 5045 esl'

224 5174 235 5193 ·
382 5115 668 5221 Seminibus
694 5142 877 5218 nexam
900 5151 996 5254 per
1018 5150 1187 5234 venas,
1211 5111 1418 5238 viscera,
1442 5151 1650 5240 nervos3
