4598 6112
803 503 1075 595 LIBER
1138 502 1565 600 QUARTUS·
1829 508 1925 617 173

430 760 638 900 Quippe
664 759 755 863 ubi
780 762 922 863 nulla
945 762 1106 864 latens
1133 766 1318 866 animai
1342 804 1460 903 pars
1486 792 1768 869 remaneret

427 935 490 1038 In
515 934 768 1057 membris
796 939 964 1037 cinere
990 960 1049 1038 ut
1072 939 1233 1041 multa
1256 940 1381 1039 latet
1405 938 1617 1041 obrutus
1642 941 1790 1077 ignis,

425 1110 579 1216 Unde
606 1115 869 1215 reconflari
895 1151 1069 1214 sensus
1094 1151 1188 1253 per
1212 1113 1439 1215 membra
1464 1141 1676 1254 repente

423 1286 603 1410 Possit,
629 1312 689 1390 ut
713 1329 775 1391 ex
801 1290 910 1428 igni
935 1328 1067 1390 caeco
1093 1326 1397 1426 consurgere
1423 1291 1643 1392 flamma.

493 1463 594 1564 Sed
622 1463 811 1603 quibus
838 1463 944 1566 haec
970 1464 1122 1566 rebus
1147 1466 1340 1575 novitas
1366 1467 1629 1618 confletur3
1652 1489 1704 1567 et
1729 1468 1864 1568 unde

356 1656 360 1661 '
420 1633 713 1739 Perturbari
738 1640 921 1761 anima,
949 1663 1001 1741 et
1024 1679 1207 1779 corpus
1230 1641 1557 1779 languescere
1584 1641 1758 1780 possit,

419 1811 738 1952 Expediam:
777 1839 835 1916 tu
859 1815 938 1916 fac
963 1853 1028 1915 ne
1046 1816 1209 1916 ventis
1233 1813 1389 1915 verba
1412 1812 1736 1950 profundam.

380 1990 385 2019 ”
487 1987 761 2127 principie,
788 2011 998 2090 externa
1021 2026 1205 2126 corpus
1230 1990 1294 2091 de
1319 2012 1463 2131 parte
1490 2026 1751 2089 necessum
1777 2013 1869 2112 est,

415 2161 582 2264 Atriis
609 2163 850 2302 quoniam
874 2163 1097 2264 vicinum
1122 2166 1350 2304 tangitur
1375 2152 1532 2285 auris

414 2333 660 2457 Tundier,
687 2360 843 2477 atque
869 2336 977 2474 ejus
1003 2333 1187 2453 crebro,
1205 2339 1455 2478 pulsarier
1480 2340 1616 2441 ictu:

415 2508 795 2651 Proptereaque
819 2512 925 2643 fere
949 2549 1028 2613 res
1053 2549 1226 2612 ornnes
1251 2533 1341 2613 aut
1365 2513 1499 2612 corio
1526 2536 1662 2632 sunt,

412 2682 522 2785 Aut
545 2686 698 2786 etiarn
723 2682 944 2804 conchis,
964 2705 1053 2783 aut
1077 2683 1221 2806 calle,
1249 2708 1338 2786 aut
1363 2686 1545 2786 cortice
1572 2707 1736 2788 tectae.

414 2854 712 2960 Interiorem
737 2861 890 2963 etiam
915 2880 1113 2995 partem
1138 2856 1448 2992 spirantibus
1474 2862 1561 2958 aer

410 3030 663 3135 Verberat
686 3033 768 3135 hic
793 3035 927 3135 idem
955 3069 1108 3171 quom
1137 3032 1356 3152 ducitur,
1385 3055 1539 3172 atque
1564 3030 1792 3136 reflatur.

412 3184 584 3327 Quare
604 3211 865 3350 utrimque
892 3246 1032 3310 secus
1053 3244 1208 3346 quom
1228 3245 1411 3344 corpus
1429 3206 1653 3344 vapulet,
1674 3230 1726 3308 et
1746 3247 1906 3348 quom

408 3379 714 3484 Perveniant
738 3384 905 3522 plagae
930 3420 1025 3519 per
1050 3419 1206 3519 parva
1229 3380 1477 3482 foramina
1502 3379 1649 3481 nobis

409 3552 648 3695 Corporis
673 3559 736 3659 ad
758 3559 944 3695 primas
969 3557 1173 3694 parteiS,
1201 3556 1552 3693 elementaque
1579 3555 1763 3690 prima,

406 3728 490 3831 Fit
514 3733 658 3870 quasi
682 3732 952 3869 paullatim
974 3730 1119 3833 nobis
1144 3768 1238 3868 per
1263 3727 1490 3830 membra
1507 3730 1671 3865 ruina.

407 3903 792 4007 Conturbantur
816 3907 949 4006 enim
977 3907 1218 4043 positurae
1239 3904 1605 4042 principiorum

405 4077 661 4219 Corporis,
687 4103 842 4219 atque
868 4083 1038 4203 animi,
1053 4083 1157 4203 sic,
1181 4103 1240 4182 ut
1263 4117 1380 4220 pars
1406 4079 1524 4178 inde
1550 4081 1736 4183 animai
1800 4195 1804 4203 ,

403 4253 664 4393 Ejiciatur,
692 4278 744 4356 et
767 4257 1043 4363 introrsum
1068 4232 1186 4394 pars
1211 4254 1385 4363 abdita
1408 4254 1584 4378 cedat;
1642 4331 1644 4335 ψ

399 4428 524 4533 Pars
549 4432 700 4532 etiam
728 4430 967 4533 distracta
989 4468 1083 4570 per
1107 4454 1260 4550 artus,
1288 4467 1392 4529 non
1419 4451 1574 4566 queat
1598 4466 1705 4529 esse
1846 4410 1849 4415 ’

402 4600 688 4743 Conjuncta
712 4606 847 4705 inter
870 4643 938 4727 se,
966 4645 1058 4706 nec
1084 4626 1224 4706 motu
1250 4626 1430 4704 mutua
1454 4602 1634 4741 fungi;

397 4775 541 4879 Inter
565 4781 699 4880 enim
724 4781 871 4918 saepit
894 4752 1062 4881 aditus
1085 4800 1283 4898 natura,
1303 4780 1544 4918 viasque:

396 4949 537 5091 Ergo
561 4991 735 5054 sensu-s
759 4952 867 5055 abit
891 4955 1100 5056 mutatis
1122 4953 1343 5055 motibus
1368 4955 1485 5054 alte.

397 5126 467 5231 Et
492 5129 735 5270 quoniam
760 5152 965 5239 nonest
990 5132 1135 5272 quasi
1160 5131 1301 5272 quod
1326 5126 1584 5233 suffulciat
1609 5149 1764 5248 artus,
1785 5238 1790 5249 .
