4598 6112
404 497 503 600 136
618 507 677 595 T.
716 503 1146 596 LUCRETII
1213 506 1423 598 CARI
1490 504 1769 599 LIB.111.

403 768 549 870 AEtas
575 786 689 902 post
714 785 944 885 mortem,
973 800 1089 900 quae
1116 785 1271 864 restat
1295 802 1533 902 cumque,
1560 767 1825 870 manenda.

472 939 716 1079 Denique
742 960 1006 1076 tantopere
1034 941 1086 1037 in
1114 936 1282 1039 dubiis
1307 940 1562 1076 trepidare
1588 942 1789 1077 periclis

404 1115 537 1237 Quae
563 1116 695 1215 mala
719 1151 810 1214 nos
837 1114 1030 1252 subigit
1053 1116 1173 1213 vitai
1198 1136 1339 1213 tanta
1364 1113 1584 1249 cupido?

404 1293 558 1394 Certa
584 1291 791 1430 quidem
819 1290 934 1388 finis
958 1288 1075 1386 vitae
1102 1284 1398 1386 mortalibus
1424 1287 1605 1409 adstat,

403 1464 454 1568 N
461 1505 516 1566 ee
537 1465 747 1565 devitari
773 1462 969 1562 lethum
996 1483 1131 1599 pote,
1160 1461 1286 1598 quin
1311 1460 1568 1565 obeamus.
1665 1492 1675 1516 ·

473 1638 741 1758 Praeterea,
767 1674 1026 1737 versamur
1050 1633 1257 1754 ibidem,
1286 1659 1440 1775 atque
1460 1641 1688 1742 iusumus
1707 1676 1895 1778 usque:

402 1813 515 1917 Neo
541 1852 669 1914 nova
694 1813 909 1921 vivendo
935 1811 1236 1951 procuditur
1259 1811 1364 1909 ulla
1388 1815 1636 1952 voluptas.

403 1990 502 2091 Sed
532 1989 654 2089 dum
681 1987 827 2088 abest
849 1986 987 2125 quod
1013 2022 1235 2106 avemus
1263 1985 1314 2085 id
1343 2025 1648 2126 exsuperare
1674 1988 1877 2091 videtur

404 2163 633 2265 Caetera:
674 2185 794 2299 post
818 2162 975 2282 aliud,
1004 2198 1160 2298 quom
1187 2164 1401 2299 contigit
1425 2160 1570 2281 illud,
1597 2199 1831 2286 avemus3

402 2337 472 2440 Et
496 2339 604 2439 sitis
629 2376 779 2476 aequa
802 2356 945 2436 tenet
968 2335 1090 2435 vitai
1116 2371 1313 2470 semper
1339 2334 1582 2436 hianteis.

402 2512 751 2650 Posteraque
739 2550 792 2610 m
820 2510 977 2610 dubio
1004 2533 1080 2611 est
1104 2510 1363 2611 fortunam
1392 2546 1546 2647 quam
1571 2452 1738 2610 vehat·
1748 2529 1884 2628 aetas,
1965 2566 1970 2575 ·

403 2683 607 2806 Quidve
633 2684 763 2785 ferat
787 2684 932 2786 nobis
959 2724 1116 2806 casus,
1152 2689 1304 2825 quive
1330 2687 1495 2784 exitus
1520 2684 1688 2784 instet.

471 2855 524 2959 N
530 2897 586 2958 eo
612 2894 864 2994 prorsum,
890 2859 1046 2958 vitam
1074 2858 1325 2982 ducendo,
1355 2859 1605 2960 demimus
1630 2855 1793 2958 hilum
1839 2904 1846 2915 ·

397 3031 651 3171 Tempore
679 3033 741 3134 de
767 3034 959 3154 mortis,
986 3072 1080 3135 neo
1107 3034 1357 3136 delibrare
1375 3032 1616 3154 valemus,

403 3201 524 3324 Quo
550 3206 716 3305 minus
742 3243 848 3305 esse
876 3205 964 3307 diu
991 3210 1241 3346 possimus
1267 3230 1427 3307 morte
1453 3207 1684 3345 peremti.

401 3378 625 3481 Proinde
651 3379 769 3481 licet
796 3400 924 3518 'quot
947 3382 1021 3482 vis
1045 3379 1261 3482 vivendo
1281 3378 1496 3481 condere
1521 3381 1686 3499 saecla,

399 3553 546 3655 Mors
572 3576 762 3653 aeterna
788 3576 956 3655 tamen
985 3554 1144 3655 nihilo
1170 3540 1337 3654 mimis
1363 3553 1449 3654 illa
1476 3551 1729 3657 manebit:

401 3728 518 3831 Nee
543 3729 713 3828 minus
739 3729 825 3829 ille
853 3728 939 3830 diu
961 3731 1069 3867 jam
1094 3729 1334 3848 nouerit,
1362 3765 1425 3826 ex
1452 3725 1697 3828 hodierno
1826 3734 1835 3749 '

401 3904 619 4006 Lumine
648 3907 740 4044 qui
767 3905 918 4006 finem
945 3907 1067 4006 vitai
1092 3905 1228 4024 feeit,
1255 3926 1308 4004 et
1332 3904 1447 4004 ille·

401 4081 673 4187 Mensibus
699 4109 855 4226 atque
882 4081 1026 4185 annis
1053 4080 1144 4219 qui
1170 4079 1344 4180 multis
1369 4076 1554 4180 occidit
1579 4099 1711 4191 ante,
