4598 6112
800 498 1075 675 traua
1139 495 1549 590 naturus.
1798 493 1899 593 ma

400 756 611 857 Auxilia
635 777 687 857 et
712 758 868 860 socios
887 757 1004 895 jam,
1020 778 1169 893 pacto
1195 754 1382 856 foedere
1410 748 1697 860 habebant:

405 926 730 1033 Carminibus
757 970 911 1071 quom
938 970 1016 1033 res
1042 956 1207 1071 gestas
1234 971 1429 1070 coepere
1455 956 1621 1072 poetae

398 1101 652 1229 Tradere3
691 1145 784 1207 nec
810 1108 971 1209 multo
997 1111 1140 1247 prius
1167 1132 1285 1211 sunt
1310 1109 1560 1209 elementa
1584 1131 1802 1247 reperta.

399 1274 677 1415 Propterea
703 1281 830 1419 quid
856 1284 920 1384 sit
943 1286 1086 1421 prius
1113 1308 1280 1386 actum
1306 1283 1556 1419 respicere
1583 1305 1704 1382 aetas

401 1450 594 1556 Nostra
618 1459 815 1595 nequit,
841 1461 939 1559 nisi
967 1500 1070 1600 qua
1095 1461 1222 1561 ratio
1247 1456 1461 1594 vestigia
1485 1479 1749 1559 monstrat.

420 1735 425 1743 ,
473 1626 712 1767 Navigia,
740 1653 894 1770 atque
921 1634 1030 1771 agri
1056 1635 1297 1751 culturae,
1326 1629 1525 1746 moenia,
1552 1628 1708 1766 legeS,

403 1801 573 1925 Arma,
599 1806 720 1926 vias,
748 1808 944 1927 vesteis,
969 1778 1025 1907 et
1042 1830 1232 1908 caetera
1257 1805 1321 1906 de
1346 1842 1532 1943 genere
1559 1802 1757 1927 horum,

348 1973 353 1983 ⁴
400 1973 631 2100 Praemia,
660 1979 863 2081 delicias
891 2019 1099 2120 quoque
1125 1982 1243 2083 vitae
1269 1981 1502 2080 funditus
1528 1981 1736 2100 omneiS,

401 2148 655 2274 Carmina,
681 2156 919 2291 picturae,
948 2179 1000 2257 et
1025 2155 1223 2257 daedala
1249 2157 1393 2293 signa
1416 2154 1597 2290 polire,

398 2323 553 2448 Usus,
580 2351 631 2428 et
655 2330 889 2468 impigrae
916 2332 1065 2432 simul
1092 2332 1407 2468 experientia
1432 2328 1615 2429 mentis

399 2496 672 2602 Paullatim
698 2504 872 2605 docuit
898 2507 1209 2644 pedetentim
1234 2505 1657 2644 progredienteis.

400 2648 484 2776 Sic
510 2713 670 2778 unum
696 2678 953 2819 quidquid
979 2682 1244 2818 paullatim
1271 2679 1524 2818 protrahit
1547 2702 1669 2780 aetas

400 2846 463 2951 In
490 2851 728 2973 medium,
757 2855 988 2993 ratioque
1015 2858 1067 2956 in
1093 2858 1297 2958 luminis
1323 2859 1456 2958 eruit
1479 2893 1620 2958 oras:

400 3021 644 3165 Namque
671 3030 774 3128 alid
799 3067 864 3129 ex
889 3031 987 3130 alio
1013 3032 1283 3132 clarescere
1309 3031 1461 3132 corde
1486 3028 1718 3131 videmus

387 3198 626 3327 Artibus,
653 3203 718 3305 ad
745 3243 999 3308 summum
1026 3202 1186 3308 donec
1211 3243 1392 3307 venere
1419 3240 1676 3306 cacumen.
