4598 6112
476 537 610 643 ΙῘ40Ι
797 543 856 632 Τ.
925 538 1378 633 Lucu-utu:
1416 541 1626 635 CARI

477 800 596 923 Quo
622 803 828 920 fuerint,
854 825 1073 904 veterem
1092 825 1144 903 et
1168 802 1344 905 formae
1372 842 1567 904 servare
1592 806 1840 944 figuram
1872 846 1878 854 ·

476 977 546 1082 Et
570 980 733 1078 multo
759 979 923 1097 citius,
953 1001 1145 1117 quanto
1171 979 1338 1079 minus
1364 978 1663 1116 endopediri

475 1152 645 1254 Pauca
670 1177 965 1293 queunt,·et
990 1176 1108 1253 sunt
1133 1155 1182 1252 in
1210 1155 1374 1290 prima
1399 1152 1563 1253 fronte
1588 1154 1766 1254 locata.

533 1327 683 1429 Nam
710 1350 844 1429 certe
862 1330 980 1465 jaci,
1008 1351 1162 1466 atque
1189 1367 1445 1467 emergere
1472 1329 1632 1429 multa
1656 1327 1902 1447 videmus,

477 1497 600 1604 Non
628 1503 791 1602 solum
816 1541 879 1601 ex
906 1503 1024 1622 alto,
1052 1505 1377 1642 penitusque,
1403 1526 1462 1604 ut
1488 1504 1708 1604 diximus
1734 1525 1868 1620 ante,
1964 1576 1967 1585 ·

475 1675 670 1780 Verum
695 1677 760 1777 de
785 1681 994 1779 summis
1019 1682 1186 1816 ipsum
1212 1717 1420 1816 quoque
1445 1717 1579 1816 saepe
1605 1680 1850 1779 colorem:

477 1849 546 1953 Et
569 1853 722 1990 volgo
748 1853 943 1954 faciunt
967 1853 1018 1953 id
1044 1853 1197 1971 lutea,
1223 1889 1468 1991 russaque
1493 1854 1618 1972 vela,
1657 1934 1661 1941 .
1750 1928 1752 1933 -

476 2025 546 2129 Et
570 2027 846 2167 ferrugine,
873 2067 989 2129 cnm
1014 2029 1210 2166 magnis
1235 2030 1430 2131 intenta
1455 2027 1684 2130 theatris.

477 2201 578 2303 Per
603 2204 757 2305 malos
781 2204 999 2342 volgata,
1026 2201 1321 2341 trabeisque
1341 2204 1609 2304 trementia
1633 2204 1878 2303 fluctant:
1976 2260 1979 2265 ,

478 2377 722 2520 Namque
748 2379 817 2481 ibi
846 2416 1128 2480 consessum
1157 2386 1324 2479 caveai
1350 2377 1538 2497 subter,
1565 2399 1617 2477 et
1640 2413 1842 2476 ornnem
1976 2420 1982 2431 ·

477 2551 659 2656 Scenai
685 2556 920 2693 speciem,
947 2577 1167 2691 patrum,
1195 2577 1535 2692 matrumque,
1563 2552 1894 2692 deorumque,

477 2726 735 2870 Inficiunt‚
763 2694 1055 2867 coguntque
1081 2768 1172 2830 suo
1198 2730 1399 2829 fluitare
1425 2729 1621 2851 colore;

477 2901 546 3006 Et
573 2927 765 3045 quanto
790 2905 980 3004 circum
1006 2943 1152 3042 mage
1179 2927 1297 3006 sunt
1321 2906 1514 3043 inclusa
1537 2902 1724 3003 theatri
1763 2980 1767 2987 .
1802 2982 1805 2988 .

477 3073 687 3197 Moenia,
715 3102 817 3179 tarn
845 3078 1005 3215 magis
1029 3077 1137 3180 haec
1157 3080 1299 3180 intus
1322 3077 1526 3216 perfusa
1549 3077 1721 3221 lepore

479 3251 668 3354 Omnia
693 3252 960 3354 conrident
984 3277 1226 3390 conrepta
1248 3254 1361 3353 luce
1388 3251 1504 3352 diei.

477 3424 617 3567 Ergo
643 3430 800 3529 lintea
825 3427 890 3527 de
915 3464 1110 3528 summo
1136 3466 1296 3567 quum
1323 3464 1531 3565 corpore
1556 3424 1728 3529 fucum

477 3601 715 3722 Mittunt,
743 3603 934 3740 effigias
961 3641 1169 3742 quoque
1196 3603 1386 3704 debent
1410 3603 1608 3701 mittere
1633 3602 1830 3701 tenueis
1880 3676 1884 3684 -

478 3776 579 3879 Res
601 3816 840 3917 quaeque,
861 3818 924 3878 ex
942 3817 1136 3904 summo
1157 3779 1398 3919 quoniam
1413 3777 1698 3904 iaculantur
1717 3797 1966 3915 utraeque.

480 3950 613 4053 Sunt
637 3954 795 4089 igitur
812 3951 916 4088 jam
946 3952 1220 4053 formarum
1244 3953 1457 4089 vestigia
1480 3971 1633 4070 certa,

480 4125 613 4244 Quae
639 4127 787 4262 volgo
812 4125 1024 4226 volitant
1050 4129 1221 4229 subtili
1249 4129 1467 4268 praedita
1493 4128 1595 4246 filo,

480 4298 595 4403 Nec
622 4300 913 4435 singillatim
938 4323 1154 4434 possunt
1179 4327 1369 4403 secreta
1392 4303 1568 4406 videri.

549 4474 820 4604 Praeterea,
844 4473 1006 4573 omnis
1026 4474 1165 4593 odos,
1185 4473 1372 4591 fumus
1392 4513 1565 4615 vapor,
1586 4498 1744 4617 atque
1762 4476 1996 4579 aliaercs

484 4649 799 4767 Consimites,
827 4647 1168 4750 ideodiffusae
1192 4649 1344 4750 rebus
1369 4651 1649 4775 abundant,

481 4822 564 4925 Ex
583 4827 691 4937 alto
717 4828 839 4965 quia
864 4826 987 4927 dum
1012 4825 1224 4925 veniunt
1247 4825 1546 4927 intrinsecus
1570 4850 1713 4948 ortae,

482 4997 801 5103 Scinduntur
823 5041 918 5141 per
942 5004 1039 5103 iter
1063 5003 1285 5125 flexum3
1324 5039 1418 5103 nee
1444 5025 1582 5104 recta
1603 5005 1799 5105 viarum
1848 5070 1856 5081 ,

482 5172 635 5278 Ostia
656 5199 791 5317 sunt,
818 5216 923 5315 qua
947 5176 1265 5279 contendunt
1287 5175 1427 5277 exire
1453 5199 1636 5279 coortae
1658 5216 1688 5278 z<
1724 5258 1730 5265 .
