4598 6112
797 523 1070 616 LIBER
1133 521 1481 626 SEXTUS·
1783 519 1885 624 293

323 751 366 832 Α·
460 777 599 884 Illud
654 783 708 884 in
758 782 836 884 his
884 781 1038 885 rebus
1086 782 1428 884 miserandum
1478 802 1530 883 et
1577 819 1887 922 magnopere

596 998 756 1064 unum

386 1134 740 1239 AErumnabile
767 1163 890 1261 erat,
918 1136 1075 1278 quod,
1102 1133 1193 1235 ubi
1219 1135 1270 1234 se
1296 1133 1513 1273 quisque
1539 1132 1748 1235 videbat

327 1449 329 1453 Α
388 1294 702 1448 Implicitum
728 1311 919 1432 morbo,
944 1311 1098 1413 morti
1124 1309 1392 1410 damnatus
1419 1330 1478 1408 ut
1504 1330 1648 1430 esset,
1701 1321 1709 1338 ‘

389 1450 648 1585 Deliciens
674 1487 857 1607 animo,
889 1507 1064 1585 moesto
1091 1522 1206 1583 cum
1232 1482 1383 1584 corde
1402 1481 1609 1619 jacebat
1653 1560 1655 1565 .

216 1659 218 1663 ’
389 1657 591 1761 Funera
615 1685 920 1800 respectans,
950 1662 1167 1760 animam
1193 1682 1245 1760 et
1270 1658 1505 1760 mittebat
1530 1656 1737 1762 ibidem.

388 1810 599 1974 Quippe
626 1838 814 1936 etenim
840 1836 981 1936 nullo
1007 1832 1271 1935 cessabant
1293 1846 1522 1971 tempore
1548 1834 1705 1971 apisci

388 2008 472 2111 Ex
497 2012 606 2111 aliis
632 2012 755 2112 alios
780 2011 913 2112 avidi
940 2011 1174 2146 contagia
1197 2007 1394 2109 morbi:

386 2182 555 2324 quue
580 2187 660 2289 vel
686 2187 738 2288 in
764 2189 941 2324 primis
966 2183 1261 2288 cumulabat
1285 2183 1463 2285 funere
1487 2182 1672 2285 funus:
1816 2191 1818 2194 ⁴

389 2355 526 2460 Nam
554 2362 852 2499 quicunque
878 2399 993 2461 suos
1018 2359 1309 2498 fugitabant
1332 2360 1491 2460 visere
1519 2357 1585 2457 ad
1610 2395 1790 2496 aegros

385 2530 526 2635 Vitat
551 2536 764 2636 nimium
789 2535 980 2673 cupidi,
1007 2536 1285 2673 mortisque
1311 2535 1572 2667 timentes,

388 2704 624 2808 Poenibat
647 2710 823 2847 paullo
847 2731 964 2847 post
986 2709 1129 2846 turpi
1155 2732 1318 2810 morte
1344 2709 1584 2847 malaque

389 2879 648 3006 Desertos,
677 2888 786 3023 opis
813 2884 1085 3023 experteiS,
1110 2884 1324 3002 incuria,
1352 2906 1575 2983 mactans
1662 2951 1663 2955 κ

390 3055 666 3197 Lanigeras
690 3082 938 3199 tanquam
957 3058 1198 3197 pecudes,
1221 3056 1486 3158 etbucera
1511 3056 1675 3158 saecla.
1741 3034 1744 3039 ⁵
1870 3046 1883 3100 Ψ

461 3229 567 3350 Qui
592 3221 796 3334 fuerant
820 3255 990 3334 autem
1014 3256 1222 3370 praest0,
1251 3229 1551 3368 contagibus
1577 3229 1742 3354 ibant,¹
1848 3306 1852 3313 .

388 3405 562 3545 Atque
587 3405 777 3529 labore,
805 3408 975 3545 pudor
1001 3446 1153 3547 quem
1183 3430 1292 3508 tum
1320 3404 1536 3544 cogebat
1562 3393 1723 3528 obire,

390 3579 693 3718 Blandaque
720 3581 966 3682 lassorum
990 3620 1090 3683 vox
1115 3582 1263 3682 mista
1287 3618 1407 3680 voce
1434 3582 1675 3718 querelae.

321 3821 325 3830 «
391 3755 633 3893 Optimus
659 3757 756 3856 hoc
779 3754 906 3856 lethi
931 3795 1094 3894 genus
1119 3756 1481 3895 ergo-quisque
1509 3752 1747 3859 subibat:

389 3930 556 4071 Inque
582 3933 691 4031 aliis
717 3932 872 4031 alium
896 3933 1144 4069 populum
1174 3931 1388 4069 sepelire
1415 3968 1622 4031 suorum

391 4104 671 4226 Certantes‚
697 4105 933 4245 lacrymis
958 4107 1073 4206 lassi
1099 4105 1348 4245 luctuque
1373 4103 1626 4208 redibant.

389 4280 518 4383 Inde
542 4279 728 4425 bonam
753 4304 951 4419 partem
976 4284 1029 4383 in
1054 4283 1243 4382 lectum
1269 4317 1481 4380 moerore
1509 4277 1794 4382 dabantur:

390 4455 506 4559 Nec
531 4478 730 4594 poterat
755 4459 1026 4596 quisquam
1052 4460 1279 4597 reperiri,
1308 4497 1463 4598 quem
1487 4498 1657 4598 neque
1676 4456 1884 4563 morbus

390 4627 504 4732 Nec
530 4669 679 4752 mors,
707 4672 800 4734 nec
825 4634 991 4735 luctus
1015 4657 1237 4735 tentaret
1259 4656 1493 4771 tempore
1518 4634 1622 4734 tali.
1649 4736 1657 4749 ,

457 4804 728 4927 Praeterea,
747 4809 856 4946 jam
881 4832 1068 4947 pastor,
1095 4832 1147 4908 et
1172 4808 1504 4908 armentarius
1530 4794 1738 4931 omnia'

258 4979 261 4982 ’
388 4979 460 5083 Et
484 4981 723 5083 robustus
749 4985 870 5084 item
897 4986 1037 5086 curvi
1064 4984 1351 5084 moderator
1376 4985 1543 5103 aratri,

389 5155 746 5297 Languebant,
770 5160 1077 5300 penitusque
1102 5159 1227 5260 casis
1252 5180 1488 5304 contrusa
1503 5156 1747 5295 jacebant
