4598 6112
834 584 1110 731 31333
1173 584 1521 680 sexsus.
1811 587 1916 732 353

422 840 576 964 Quod
604 867 728 949 tunc
753 884 846 984 per
869 867 1033 947 totum
1052 869 1382 949 concrescunt
1402 852 1521 950 aera
1545 844 1705 951 nubes
1747 900 1768 945 .·
1818 906 1821 911 -
1882 980 1884 988 ᾗ

419 1014 684 1160 Undique,
712 1022 786 1122 uti
813 1019 1046 1122 tenebras
1071 1020 1263 1121 omneis
1287 1012 1839 1123 Acheruntareamur³
1875 1067 1907 1121 3

298 1232 301 1236 ·
420 1187 673 1330 Liquisse,
700 1217 752 1296 et
776 1232 986 1333 magnas
1009 1193 1119 1295 ooeli
1143 1195 1419 1332 complesse
1444 1232 1709 1299 cavernas:
1735 1287 1738 1292 .
1834 1209 1838 1217 “
1894 1236 1903 1287 ι

416 1362 598 1505 Usque
624 1370 751 1471 adeo
775 1392 909 1471 tetra
932 1346 1221 1470 nimborum
1245 1391 1394 1470 nocte
1419 1378 1599 1470 coorta

417 1535 728 1677 Impendent
751 1540 1183 1647 auae'formidir'ris
1207 1561 1297 1643 ora
1321 1547 1567 1683 superne*
1701 1578 1722 1587 ⁴·
1753 1670 1755 1673 .

417 1709 588 1833 Quom
615 1719 893 1821 commoliri
918 1719 1191 1855 tempestas
1214 1714 1430 1837 fulmina
1452 1719 1653 1856 coeptat.
1695 1746 1697 1752 ‘
1746 1755 1753 1800 .·
1823 1740 1828 1748 “
1895 1746 1903 1809 ἱ

484 1886 755 2013 Praeterea,
771 1929 1003 2031 persaepe
1022 1893 1170 2030 niger
1188 1927 1396 2031 quoque
1415 1904 1517 2031 per
1527 1885 1664 1994 mare
1684 1889 1905 2016 nimbosi

412 2058 489 2163 Ut
515 2064 639 2202 picis
664 2088 692 2165 3·
717 2065 843 2166 cmlo
868 2065 1142 2166 demissum
1159 2067 1375 2189 flumen,
1400 2069 1455 2169 in
1480 2068 1643 2169 undas
1751 2072 1757 2081 ’

413 2234 496 2339 Sic
522 2239 673 2364 cadit,
699 2261 751 2340 et
774 2237 935 2340 fertus
957 2238 1181 2341 tenebris
1205 2241 1410 2404 procul,
1429 2240 1679 2343 attrahit
1662 2264 1827 2345 atram
1901 2268 1909 2297 ··

412 2383 734 2515 Fulminibus
757 2413 1019 2552 gravidam
1042 2417 1410 2552 tempestatem,
1434 2437 1607 2554 atque
1614 2407 1869 2597 proceliis,
1899 2484 1904 2495 ·

345 2616 347 2620 ·
410 2581 642 2723 Ignibus,
669 2624 737 2708 33
743 2587 916 2687 ventis
937 2588 1231 2724 cumprimis
1255 2590 1363 2728 ipse
1376 2572 1712 2726 33313333ζχ

408 2757 471 2862 In
498 2782 632 2861 terra
658 2788 867 2900 quoque
892 2783 953 2861 ut
976 2757 1284 2884 horrescant,
1311 2799 1369 2865 ac
1392 2783 1526 2864 tecta
1549 2763 1829 2900 requirant.

409 2932 491 3035 Sic
516 2935 686 3073 igitur¹
699 2921 884 3073 supera
908 2957 1138 3036 nostrum
1161 2940 1323 3073 caput-
1339 2972 1446 3038 esse
1468 2933 1757 3073 putendum
1781 2954 1862 3037 est'

404 3104 776 3247 Tempestatem
805 3109 991 3212 ultam:
1027 3111 1355 3248 nequeenim
1377 3108 1593 3247 caligine
1616 3129 1760 3210 tenta

407 3281 704 3388 Obruerent
727 3307 903 3412 terras,
929 3284 1025 3386 nisi
1049 3283 1354 3389 inaedificata
1377 3292 1595 3425 superne
1660 3323 1665 3329 ·

405 3457 577 3563 Multa
601 3460 771 3578 fiuent
790 3461 964 3567 multis
987 3481 1188 3560 exemto
1212 3457 1391 3560 nubile
1414 3446 1565 3560 sole:-
1642 3482 1644 3487 ’
1720 3449 1722 3453 ’
1893 3487 1901 3503 ’

405 3632 521 3737 Ν33
545 3657 693 3736 tanto·
711 3648 918 3775 possent
941 3632 1053 3736 haec
1076 3614 1547 3784 terrasoppriniere
1573 3631 1738 3754 imbri,
1897 3712 1900 3717 -

404 3808 640 3911 Flumina
664 3807 925 3950 abundare
948 3832 1009 3911 ut
1032 3807 1271 3929 facerent,
1290 3804 1606 3946 camposque
1630 3829 1820 3932 natare,

402 3984 456 4088 Si
483 4024 586 4086 non
611 3985 878 4085 exstructis
902 3981 1034 4084 foret
1055 3981 1156 4084 alte
1180 3978 1404 4085 nubibus
1429 3978 1604 4084 aether.

471 4159 569 4265 His
592 4160 752 4297 igitur
777 4158 938 4259 ventis
963 4179 1119 4298 atque
1136 4145 1350 4293 ¹ignibus
1372 4154 1542 4256 omnia
1566 4154 1719 4293 plena
1752 4174 1756 4185 '

401 4333 562 4460 Sunt3
600 4336 717 4435 ideo
741 4332 927 4472 passim
951 4330 1181 4435 fremitus
1205 4349 1259 4429 et
1280 4326 1488 4466 fulgura
1511 4327 1674 4432 fiunt:
1802 4404 1808 4417 -
1866 4408 1870 4415 .

400 4504 611 4648 Quippe
636 4509 823 4610 etenim
836 4525 1029 4646 'supera
1054 4503 1222 4624 docui,
1247 4499 1504 4642 permulta
1524 4502 1725 4641 vaporis
1868 4517 1871 4524 ’

399 4680 604 4786 Semina
627 4679 815 4784 habere
839 4679 984 4783 cavas
1008 4675 1220 4803 nubeis3
1257 4697 1311 4779 et
1333 4674 1495 4778 multa
1516 4711 1716 4777 necesse
1740 4696 1818 4780 est

370 4926 374 4932 -
400 4854 682 4996 Concipere
705 4891 772 4957 ex
796 4855 912 4958 solis
935 4854 1105 4974 radiis,
1131 4848 1414 4990 ardoreque
1438 4886 1644 4955 eorum·
1847 4837 1848 4840 Ὺ

397 5027 500 5143 Hic
522 5025 614 5134 ubi
640 5028 819 5134 ventus
842 5065 927 5131 ees
949 5027 1085 5130 idem
1110 5024 1204 5168 qui
1227 5024 1367 5164 cogit
1386 5023 1439 5127 in
1464 5061 1626 5147 unum
1756 5008 1762 5016 '⁸
1899 5004 1908 5016 '¹

397 5202 548 5310 Forte
573 5205 741 5311 locum
766 5203 1011 5348 quemvis,
1031 5200 1287 5344 ¹expressit
1301 5198 1692 5342 multa'vaporir
1712 5244 1720 5289 .-
1856 5326 1859 5331 Ι
1887 5248 1891 5255 ·
