4620 6106
719 518 987 612 ornan
1049 516 1450 612 ruamus.
1565 460 1569 466 ’
1730 514 1824 614 tal

336 778 468 900 Quae
495 819 632 881 nunc
655 781 708 880 in
734 800 905 880 nostro
932 777 1221 902 dominatur
1246 816 1473 915 corpore,
1499 799 1618 879 nata
1695 906 1697 909 ι

338 952 419 1055 Ex
445 954 531 1054 illa
557 991 674 1093 quae
705 975 822 1054 tunc
849 953 1036 1090 peritat
1061 953 1248 1089 partita
1272 990 1366 1089 per
1390 975 1542 1059 artus,

307 1134 311 1141 ’
337 1125 665 1265 Quapropter
688 1163 856 1265 neque
881 1125 1036 1226 natali
1060 1126 1257 1263 privata
1280 1126 1483 1228 videtur

336 1296 459 1400 Esse
485 1300 566 1400 die
592 1323 773 1400 natura
798 1299 996 1419 animae,
1022 1330 1191 1438 neque
1217 1298 1407 1399 funeris
1433 1340 1629 1442 expers,

255 1464 263 1477 ⁶
405 1473 608 1576 Semina
632 1497 878 1613 praeterea
904 1474 1226 1612 linquuntur,
1254 1510 1427 1595 necne,
1457 1479 1643 1580 animai

335 1645 561 1785 Corpore
587 1651 639 1749 in
666 1649 932 1749 exanimo?
972 1648 1110 1788 quod
1138 1648 1177 1748 si
1203 1646 1526 1786 linquuntur,
1555 1673 1606 1752 et
1632 1652 1829 1775 insunt,

333 1818 490 1966 Haud
517 1823 627 1944 erit,
649 1845 708 1923 ut
732 1825 910 1925 merito
936 1824 1231 1926 immortalis
1255 1824 1413 1962 possit
1439 1821 1645 1960 haberi;

332 1995 569 2112 Partibus
595 2001 784 2116 arnissis
811 1999 1051 2137 quoniam
1076 1994 1233 2096 libata
1257 1998 1473 2101 recessit.
1575 2004 1578 2009 ’

333 2170 422 2273 Sin
450 2173 520 2273 ita
544 2175 747 2275 sinceris
773 2171 1011 2273 membris
1036 2169 1205 2272 ablata
1229 2168 1472 2309 profugit,

329 2340 407 2444 Ut
431 2347 595 2446 nullas
622 2346 807 2484 parteis
831 2347 884 2449 in
910 2385 1117 2485 corpore
1143 2346 1354 2485 liquerit
1379 2381 1443 2452 ex
1469 2383 1537 2465 se,

330 2514 484 2620 Unde
510 2518 752 2619 cadavera
778 2521 1003 2622 rancenti
1020 2521 1128 2658 jam
1152 2522 1340 2629 viscere
1365 2518 1575 2620 vermeis

331 2690 640 2833 Exspiranti
680 2719 834 2835 atque
861 2695 997 2795 unde
1023 2697 1335 2796 animantum
1361 2694 1506 2830 eopia
1530 2717 1673 2799 tanta

331 2864 469 2968 Exos
495 2894 546 2970 et
570 2869 842 3007 exsanguis
867 2867 1089 2969 tumidos
1114 2870 1424 3023 perfluctuat
1448 2873 1619 2972 artus?
1692 2896 1694 2899 ’

306 3062 322 3093 ·
369 3163 373 3168 ¹
401 3039 552 3160 Quod
582 3043 621 3142 si
647 3043 776 3143 forte
803 3042 993 3141 animas
1019 3042 1329 3142 extrinsecus
1357 3042 1602 3143 insinuari

327 3213 617 3338 Vermibus,
645 3241 697 3318 et
722 3219 864 3357 priva
889 3217 929 3317 si
955 3216 1006 3316 in
1033 3254 1244 3356 corpora
1268 3255 1414 3356 posse
1439 3218 1611 3318 venire

263 3428 273 3443 ·
331 3385 526 3510 Credis,
553 3430 646 3492 nec
671 3413 875 3533 reputas
901 3429 991 3492 cur
1016 3391 1174 3491 millia
1198 3392 1359 3492 multa
1384 3394 1667 3495 animarum

262 3582 270 3597 '
331 3562 664 3687 Conveniunt,
691 3567 829 3667 unde
855 3603 959 3669 una
981 3567 1269 3667 recesserit:
1310 3565 1598 3670 hortamen
1626 3593 1702 3671 est
1726 3592 1786 3671 ut
1918 3573 1920 3583 ’

278 3738 288 3755 ’
328 3738 679 3862 Quaerendum
702 3743 950 3867 videatur,
977 3744 1105 3844 etin
1131 3741 1399 3844 discrimen
1426 3745 1714 3884 agendum

326 3913 516 4020 Utrum
540 3919 745 4021 tandem
772 3919 953 4020 animae
968 3939 1227 4027 ‚venentur
1250 3917 1440 4018 semina
1465 3955 1690 4057 quaeque

324 4087 751 4214 Vermiculorum,
778 4094 1005 4232 ipsaeque
1032 4091 1125 4192 sibi
1152 4092 1465 4194 fabricentur
1487 4092 1577 4194 ubi
1603 4096 1723 4217 sint,

324 4267 406 4368 An
427 4268 534 4407 jam
562 4266 857 4407 corporibus
882 4266 1119 4404 perfectis
1143 4267 1482 4374 insinuentur.

323 4440 396 4543 At
419 4482 588 4582 neque
613 4482 704 4545 cur
729 4442 917 4543 faciant
940 4441 1080 4577 ipsse,
1109 4478 1327 4578 quareve
1352 4439 1600 4565 laborent,

325 4612 511 4717 Dicere
527 4616 1015 4756 suppeditat,neque
1030 4615 1816 4761 enim,sinecorporequ0msiut,

327 4788 567 4892 Sollicitae
585 4792 798 4892 volitant
816 4789 1021 4911 morbiS,
1048 4789 1291 4928 alguque,
1318 4792 1571 4932 fameque.

327 4962 528 5104 Corpus
553 4967 685 5068 enim
714 4967 874 5105 magis
898 4963 977 5066 his
1001 4964 1136 5065 vitiis
1160 4965 1328 5067 adfine
1353 4967 1581 5093 laborat;

323 5134 395 5239 Et
419 5140 552 5242 mala
574 5122 736 5244 multa
760 5141 958 5247 animus
983 5142 1185 5282 contagi
1210 5141 1445 5284 fungitur
1468 5141 1591 5282 ejus.

1057 5326 1081 5370 2
1288 5357 1290 5360 Α
