4598 6112
675 520 676 523 ψ
790 509 1579 637 metueremus«
1773 507 1911 620 ,uu

411 770 526 874 Nec
553 811 751 874 rursum
779 797 995 875 cernunt
1019 796 1257 912 exempto
1281 766 1614 888 rebusineni,
1678 800 1682 809 ·

411 944 601 1049 Omnia
625 948 843 1066 denseri,
870 948 1084 1089 fierique
1108 932 1176 1086 er
1198 944 1434 1046 omnibus
1459 980 1618 1044 unum

386 1120 626 1261 -Corpus,
655 1126 727 1224 nil
753 1123 817 1225 ab
845 1163 899 1224 se
925 1124 1065 1263 quod
1090 1124 1250 1261 possit
1273 1119 1702 1258 mitteremptim,
1805 1169 1806 1172 Ν

407 1297 619 1399 AEstiser
639 1301 769 1438 ignis
794 1301 870 1401 uti
895 1301 1066 1402 lumen
1086 1300 1228 1439 jacit,
1256 1320 1411 1437 atque
1434 1331 1674 1434 vaporem
1694 1336 1713 1398 :w

410 1470 483 1573 Ut
506 1474 677 1576 videas
703 1515 802 1577 non
831 1514 859 1576 e
886 1476 1082 1612 stipatis
1105 1473 1337 1613 partibus
1363 1508 1487 1574 esse.

476 1646 633 1769 Quod
659 1651 699 1750 si
726 1650 855 1753 forte
881 1652 986 1752 ulla
1011 1651 1228 1752 credunt
1251 1649 1445 1750 ratione
1469 1666 1669 1783 potesse
1780 1760 1781 1764 q
1896 1658 1900 1670 '

406 1819 578 1962 lgneis
603 1827 655 1926 in
683 1850 814 1927 coetu
841 1827 1048 1966 stingui,
1076 1848 1376 1963 mutareque
1402 1859 1618 1960 corpus3

405 1995 609 2101 Scilicet
633 2040 696 2101 ex
726 2002 829 2102 ulla
853 2001 1018 2102 facere
1045 1999 1097 2101 id
1124 2000 1166 2100 si
1183 2020 1335 2137 ‚parte
1357 2019 1638 2135 reparcent,

406 2169 624 2276 Occidet
641 2175 705 2275 ad
726 2174 941 2277 nihilum
969 2176 1215 2277 nimirum.
1234 2173 1465 2277 funditus
1490 2173 1643 2278 ardor
1799 2216 1803 2222 ·

406 2343 604 2468 Omnis,
632 2372 685 2448 et
709 2388 773 2450 ex
799 2349 958 2467 nihilo
979 2349 1110 2488 fient
1134 2374 1735 2490 quaecunqnecreantur.

403 2518 457 2623 N
463 2561 541 2622 arn
570 2523 919 2664 quodcunque
943 2527 1052 2668 suis]
1069 2549 1320 2628 mutatum
1348 2523 1535 2628 finibus
1560 2527 1683 2647 exit,
1733 2558 1734 2563 ‘
1895 2575 1898 2582 ·

230 2813 234 2833 Ι
405 2692 663 2801 Continuo
689 2696 785 2800 hoc
813 2737 945 2802 mors
970 2723 1047 2800 est
1071 2701 1222 2822 illius,
1251 2699 1389 2840 quod
1417 2700 1515 2804 fuit
1539 2725 1688 2807 aute:

402 2870 625 2977 Proinde
652 2873 848 3015 aliquid
875 2913 1113 3013 superare
1139 2910 1340 2977 necesse
1367 2897 1443 2978 est
1466 2874 1718 2980 incolume
1743 2877 1848 2999 olli,
1894 2913 1901 2945 ‘¹

403 3047 490 3152 Ne
516 3051 611 3152 tibi
637 3090 716 3152 res
742 3050 954 3153 redeant
978 3049 1042 3151 ad
1069 3050 1229 3152 nilum
1258 3049 1489 3155 funditus
1512 3089 1704 3198 ornnes,
1740 3105 1744 3111 ·

401 3223 485 3326 De
512 3226 776 3366 nihiloque
801 3248 978 3328 renata
1000 3200 1384 3363 virescatcopia
1407 3262 1592 3329 rerum.
1741 3313 1746 3331 ,
1892 3312 1909 3378 ¹.

472 3400 630 3512 Nunc
654 3403 829 3541 igitur,
856 3402 1397 3540 quoniam‘oertissima
1423 3435 1641 3539 corpora·
1660 3402 1906 3541 quaedam
1966 3433 1968 3436 ⁴

402 3574 550 3698 Sunt,
579 3616 696 3716 quae
722 3596 1276 3684 conservant'naturam
1302 3612 1502 3713 semper
1524 3575 1756 3700 eandem,
1837 3592 1890 3654 ·.:·
2012 3602 2014 3607 ‘

399 3751 635 3875 ,Quorum
663 3752 823 3873 abitu,
850 3774 940 3852 aut
965 3750 1124 3870 aditu,
1150 3771 1449 3889 mutatoque
1473 3750 1898 3873 ordine,.mutunt
1949 3816 1951 3821 ,
2119 3832 2130 3847 .

366 4010 370 4024 ,
401 3927 657 4032 Naturam
682 3967 779 4050 res,
805 3949 858 4030 et
881 3944 1183 4029 convertunt
1206 3935 1578 4062 corporosese3
1678 4019 1683 4038 ,

253 4140 254 4145 ‘
399 4104 540 4208 Scire
563 4105 683 4207 licet
706 4142 809 4241 non
834 4139 941 4204 esse
966 4098 1076 4207 haec
1102 4101 1252 4238 ignea
1277 4132 1763 4240 corporareru-rn.1
1895 4164 1897 4170 ·

398 4280 493 4383 Nil
517 4281 734 4384 referret
752 4281 889 4382 enim
916 4274 1154 4415 quaedum
1169 4273 1440 4398 decedere,
1460 4275 1646 4403 ubire,

395 4453 570 4593 Atque
596 4454 694 4556 alia
719 4451 946 4575 attribui,
973 4449 1261 4589 mutarique
1286 4451 1467 4555 ordine
1491 4453 1746 4593 quaedam,
1873 4486 1880 4525 ⁷

398 4627 452 4730 Si
477 4652 649 4737 tamen
673 4629 867 4735 ardoris
894 4643 1129 4731 naturam
1154 4649 1338 4729 cuncta·
1359 4648 1622 4736 tenerent:
1792 4685 1794 4689 ·

397 4800 539 4943 Ignis
564 4805 699 4907 enim
725 4803 855 4907 foret
880 4800 1199 4923 omnimodis,
1225 4800 1572 4942 quodcunque
1597 4827 1842 4910 crearent.
2000 4827 2002 4831 ’

231 5084 233 5087 ,
394 4975 686 5100 Verumut
703 4981 904 5118 opinor,
926 4981 1000 5085 ira
1017 5001 1115 5107 est:
1138 5000 1259 5090 sunt
1274 4977 1513 5118 quaedoru
1528 4996 1759 5120 corpore,
1774 5020 1994 5124 quorum

398 5150 704 5276 Concursus,
731 5177 913 5280 motus,
939 5155 1082 5280 ordo,
1108 5157 1356 5296 positura,
1383 5153 1581 5294 figurae,
