4620 6106
405 483 509 577 eoo
736 484 794 573 r.
863 463 1295 572 Lucn‘uru
1361 458 1571 572 enni

403 746 580 847 Terrai
603 765 657 842 et
680 741 809 859 coeli,
838 778 1142 880 semperque
1168 760 1359 840 aetema
1379 738 1535 851 fuere,
1646 740 1649 746 ’

406 920 514 1023 Cur
537 953 721 1055 supera
745 899 1282 1034 bellum‘Thebanum
1310 936 1362 1016 et
1384 914 1565 1017 funera
1588 912 1777 1054 Trojae‚

406 1094 527 1199 Non
555 1095 676 1195 alias
702 1093 785 1192 alii
813 1130 1022 1231 quoque
1044 1129 1124 1192 res
1149 1094 1371 1194 recinere
1397 1094 1595 1231 poetae?

407 1271 526 1394 Quo
552 1293 629 1372 tot
653 1269 786 1371 facta
808 1270 972 1370 virdm
999 1266 1146 1365 toties
1173 1268 1431 1369 cecidere?
1470 1307 1562 1368 nec
1588 1305 1804 1408 usquam

403 1447 632 1551 AEternis
657 1446 805 1545 famae
832 1441 1171 1543 monumentis
1196 1441 1346 1542 insita
1370 1445 1587 1545 florent?
1719 1437 1726 1445 ’

447 1621 639 1723 Verum
653 1615 1902 1758 (utopinor)habetnovitatemsumma,recensque

408 1796 610 1900 Natura
637 1817 713 1895 est
738 1793 931 1912 mundi,
955 1831 1121 1931 neque
1149 1794 1347 1931 pridem
1374 1795 1583 1895 exordia
1606 1796 1757 1932 cepit.

407 1971 579 2092 Quare
605 1971 754 2072 etiam
784 1967 1021 2107 quaedam
1046 2007 1180 2070 nunc
1207 1995 1337 2072 artes
1362 1973 1708 2108 expoliuntur,

407 2144 566 2247 Nunc
592 2143 740 2242 etiam
769 2164 1077 2278 augescunt3
1117 2182 1253 2244 nunc
1278 2147 1451 2245 addita
1477 2147 1692 2284 navigiis
1715 2168 1834 2246 sunt

410 2320 607 2420 Multa:
649 2316 799 2416 modo
825 2317 1049 2452 organici
1078 2318 1279 2419 melicos
1304 2357 1550 2458 peperere
1570 2359 1786 2420 sonores

406 2494 648 2632 Denique
675 2513 858 2607 natura
883 2489 995 2648 baec·
1018 2531 1186 2592 rerum
1213 2496 1447 2634 ratioque
1473 2518 1678 2632 reperta
1703 2518 1780 2595 est
1860 2599 1865 2605 ,

408 2666 608 2806 Nuper,
637 2687 689 2765 et
713 2662 842 2805 bapc
868 2666 1064 2801 primus
1089 2704 1204 2766 cum
1231 2667 1407 2803 primis
1433 2669 1541 2805 ipse
1567 2691 1799 2803 repertus

409 2843 459 2946 N
469 2884 566 2944 unc
592 2881 687 2980 ego
713 2871 840 2960 sum,
868 2841 921 2939 in
949 2841 1135 2976 patrias
1162 2840 1252 2978 qui
1279 2841 1465 2975 possim
1492 2863 1688 2941 vertere
1715 2881 1875 2945 voces.

479 3021 632 3143 Quod
662 3022 700 3121 si
728 3019 856 3119 forte
876 3018 1027 3117 fuisse
1055 3011 1266 3114 antebac
1294 3014 1469 3113 eadem
1495 3017 1665 3113 omnia
1690 2988 1868 3136 eredisss
1888 3130 1910 3169 θ

408 3197 508 3298 Sed
537 3196 742 3333 periisse
769 3190 1032 3291 bominum
1058 3188 1266 3289 torrenti
1294 3187 1443 3286 saecla
1467 3225 1668 3325 vapore,

350 3486 354 3495 .
407 3374 515 3473 Aut
540 3367 775 3470 cecidisse
803 3363 971 3464 urbeis
997 3404 1181 3503 magno
1206 3363 1469 3463 vexamine
1496 3363 1692 3483 mundi,

408 3547 516 3646 Aut
540 3583 602 3644 ex
629 3540 877 3642 imbribus
902 3537 1127 3638 adsiduis
1153 3539 1313 3636 exisse
1339 3538 1563 3673 rapaccis

410 3716 510 3818 Per
535 3741 692 3817 terras
718 3715 924 3832 amneis,
947 3735 1102 3851 atque
1126 3709 1320 3848 oppida
1344 3712 1690 3846 cooperuisse:

407 3890 574 3993 Tanto
601 3891 796 4027 quippe
823 3887 984 4024 magis
1010 3887 1169 3987 victus
1195 3882 1382 3983 fateare
1410 3923 1609 3985 necesse
1636 3911 1727 4010 est,

412 4068 641 4169 Exitium
668 4103 873 4204 quoque
900 4068 1052 4165 terrai
1079 4059 1293 4197 coelique
1320 4057 1568 4164 futurum.

413 4241 550 4344 Nam
579 4279 732 4379 quoru
760 4277 839 4338 res
864 4236 1018 4337 tantis
1044 4231 1235 4334 morbis
1256 4234 1513 4373 tantisque
1541 4237 1740 4373 periclis
1795 4260 1803 4277 ‘

409 4411 772 4532 Tentarentur,
796 4412 867 4513 ibi
894 4412 934 4511 si
959 4412 1150 4557 tristior
1174 4411 1486 4512 incubuisset

414 4592 597 4711 Causa,
620 4590 801 4688 darent
825 4586 925 4686 late
952 4586 1148 4686 cladem
1173 4624 1484 4725 magnasque
1510 4587 1712 4690 ruinas:

417 4767 463 4872 N
473 4807 529 4869 ec
557 4766 751 4867 ratione
776 4762 876 4864 alia
899 4762 1134 4863 mortales
1159 4803 1265 4864 esse
1290 4763 1522 4864 videmur
1583 4848 1587 4852 .

415 4940 556 5043 Inter
581 4978 689 5058 nos,
716 4938 810 5039 nisi
839 4937 979 5077 quod
1005 4936 1193 5038 morbis
1220 4938 1530 5075 aegriscimus
1553 4937 1730 5058 isdem,
1854 4968 1861 4979 ·

413 5117 588 5255 Atque
614 5115 703 5234 illi,
732 5151 860 5252 quos
885 5151 917 5212 a
939 5113 1044 5215 vita
1066 5136 1250 5214 natura
1274 5112 1499 5213 removit.
