4598 6112
465 449 538 626 'oa
831 524 894 616 r.
946 512 1665 620 Lucanum-cnm

458 757 690 887 'Laetitiae
718 805 899 906 motus,
927 768 1568 888 111111111111111111111111.
1677 775 1682 787 ’
1726 832 1730 836 ·

419 1006 433 1033 ·
541 956 700 1062 Nune
724 961 943 1060 animam
976 997 1183 1098 quoque
1220 977 1280 1057 ut
1303 957 1357 1056 in
1382 944 1620 1058 membris
1655 956 1961 1096 eug-nostem

613 1122 774 1272 possis
1648 1100 1654 1112 ι

476 1298 619 1430 Esse,
646 1347 817 1448 neque
843 1306 1158 1410 harmoniam
1183 1345 1366 1446 corpus
1385 1311 1610 1443 retinere
1635 1307 1822 1411 solere:
1917 1275 1945 1308 ι

475 1480 733 1620 Principio
758 1483 833 1604 fit,
859 1485 933 1584 uti
961 1483 1185 1583 detracto
1211 1509 1427 1620 torpore¹
1444 1485 1621 1605 multo,
1696 1566 1699 1570 .
1841 1557 1843 1561 ι
1870 1526 1872 1531 ·

473 1655 621 1794 Saepe
648 1679 816 1757 tamen
842 1648 989 1758 nobis
1014 1659 1066 1757 in
1092 1654 1332 1756 membris
1355 1658 1459 1759 vita
1482 1679 1738 1779 moretur:
1887 1675 1891 1681 ’

473 1829 648 1969 Atqu'e
674 1831 851 1931 eadem
875 1869 1049 1933 rursus
1074 1869 1230 1971 quom
1259 1868 1470 1968 corpora
1493 1870 1657 1970 pauca
1679 1832 1856 1933 caloris
1898 1846 1905 1856 “
1938 1868 1944 1879 ’

337 2134 344 2147 θ
480 2004 766 2145 Diffugere,
793 2006 1030 2146 forasque
1054 2045 1147 2145 per
1171 2036 1229 2106 os'
1251 2027 1326 2105 est
1350 2005 1516 2106 editus
1540 2009 1649 2127 aer,

475 2179 685 2282 Deserit
709 2183 968 2319 externplo
992 2219 1160 2301 venae,
1181 2205 1336 2320 atque
1355 2216 1465 2282 ossa
1489 2181 1736 2320 relinquit
1754 2219 1776 2281 :¹

475 2351 706 2454 Noscere
731 2377 790 2454 ut
814 2351 933 2455 hino
958 2357 1135 2493 possiS,
1162 2394 1263 2456 non
1291 2358 1464 2495 aeffqnas
1488 2354 1658 2456 omnia
1680 2355 1871 2493 parteis
1931 2437 1935 2442 .

476 2525 709 2665 Corpora
734 2524 940 2662 habere,
968 2565 1138 2667 neque
1164 2566 1404 2670 exaequo
1428 2529 1605 2632 fulcire
1633 2530 1845 2631 salutem
1862 2528 1885 2653 ;¹
1930 2546 1933 2555 ’

475 2678 582 2802 S'ed
606 2701 766 2839 magis
790 2698 915 2821 haee,
942 2702 1082 2802 venti
1108 2739 1226 2841 quae
1252 2725 1385 2824 sunt,
1411 2703 1666 2843 calidique
1691 2705 1890 2843 vaporis

474 2875 694 3017 Semina,
723 2914 897 2977 curare
923 2877 975 2976 in
1001 2873 1239 2976 membris
1264 2899 1325 2977 ut
1346 2877 1450 2979 vita
1474 2901 1714 2981 moretur.

475 3044 570 3154 Est
594 3053 754 3190 igitur
778 3051 929 3172 calor,
956 3090 1014 3154 ao
1037 3076 1217 3155 ventus
1240 3050 1484 3154 vitalis-in
1509 3055 1619 3192 ipso
1651 3131 1654 3136 ,

449 3222 721 3364 'Corpore,
749 3227 841 3364 qui
867 3226 1012 3329 nobis
1035 3225 1365 3329 moribundos
1390 3222 1757 3353 deseritartuS,

476 3416 480 3427 '
547 3397 895 3539 Quapropter,
916 3405 1156 3542 quoniam
1183 3424 1258 3503 est
1282 3403 1435 3543 animi
1456 3423 1636 3504 natura
1659 3427 1876 3542 reperta,

475 3574 648 3714 Atque
675 3576 872 3699 animae,
897 3581 1042 3717 quasi
1069 3616 1186 3717 pars
1210 3575 1459 3682 hominis:
1501 3549 1658 3681 redde
1684 3578 1968 3686 harmoniai

481 3747 703 3871 Nomen,
730 3739 794 3850 ab
820 3754 1057 3892 organico
1083 3755 1213 3854 saltu
1240 3753 1481 3873 delatum,
1503 3751 1756 3876 Heliconi,
1807 3792 1809 3796 ⁴
1923 3756 1944 3777 ”

481 3921 595 4024 Sive
621 3926 826 4027 aliunde
851 3928 1125 4067 ipsiporro
1150 3951 1368 4055 traxere,
1395 3949 1448 4028 et
1471 3929 1524 4028 in
1550 3929 1689 4028 illam
1835 3963 1837 3966 ·
1869 4003 1872 4010 ·

476 4096 884 4223 Transtulerunt,
918 4108 1125 4244 proprio
1151 4145 1268 4246 quae
1293 4126 1404 4203 tum
1429 4139 1508 4203 res
1532 4103 1735 4202 nomine
1762 4102 1964 4242 egebat,

482 4274 751 4414 Quid->quid
775 4278 831 4378 id
859 4301 950 4400 est,
979 4277 1227 4385 habeant:
1266 4304 1324 4384 tu
1350 4304 1533 4439 caetera
1556 4277 1762 4415 percipe
1789 4277 1939 4380 diota.

549 4448 599 4551 N
607 4490 706 4553 une
722 4453 945 4553 animum
965 4477 1120 4594 atque
1139 4457 1360 4585 animam·
1376 4453 1489 4553 dico
1514 4449 1782 4599 conjuncta
1798 4453 1962 4553 teneri

479 4623 714 4746 Inter‘se,
741 4647 897 4764 atque
923 4655 1081 4728 unam¹
1103 4651 1335 4729 naturam
1360 4624 1606 4728 conficere
1632 4661 1696 4725 ex
1720 4662 1802 4750 se3

481 4800 582 4901 Sed
608 4780 763 4937 caput
788 4836 901 4900 esse
920 4802 1081 4938 quasi,
1109 4825 1161 4903 et
1186 4803 1434 4904 dominari
1460 4802 1512 4902 in
1538 4835 1748 4938 corpore
1773 4821 1881 4901 toto

482 4971 777 5096 Consilium,
807 4974 947 5114 quod
974 5015 1064 5078 nos
1090 4958 1330 5098 animum,
1357 4994 1680 5114 mentemque
1703 5008 1964 5080 vocamus:

480 5145 647 5289 quue
673 5150 825 5251 situm
850 5150 1025 5266 media
1041 5154 1248 5293 regione
1272 5155 1325 5254 in
1349 5140 1568 5292 1111111111
1593 5149 1768 5255 haeret.
1920 5181 1931 5233 ὲ
