4598 6112
789 464 1069 573 ‘IllB'ER
1128 472 1481 578 PRIMUS.
1559 488 1582 559 ’ἶ
1822 483 1905 579 ss?-

404 739 528 844 Esse
555 764 830 883 utramque
855 737 1070 880 sihi-per
1092 778 1161 864 se,
1187 769 1856 883 puramqucnecessez‘e'stzz‘
1887 741 1930 825 '²3'

403 914 873 1058 Namquecunque
888 918 1288 1055 vacat'spatium,
1313 919 1451 1057 quod
1470 922 1620 1020 inane
1632 953 1888 1044 vocamus,
1899 998 1907 1012 ..
2020 914 2024 923 “

404 1087 605 1227 Corpus
624 1128 815 1194 caenon
840 1115 943 1192 est:
972 1130 1076 1231 qua
1098 1129 1250 1230 porro
1275 1128 1481 1232 cunque
1498 1116 1649 1213 tenet
1669 1124 1768 1195 se
1895 1153 1899 1160 ,

405 1260 623 1401 Corpus,
651 1304 711 1366 ea
732 1303 1303 1406 vacuumnequaquam
1327 1288 1524 1366 constat
1547 1268 1714 1368 inane.
1760 1333 1763 1340 ·

253 1477 257 1487 ·
402 1438 536 1540 Sunt
558 1443 719 1580 igitur
743 1440 919 1563 solida,
947 1479 1005 1571 ac
1031 1442 1138 1542 sine
1164 1442 1301 1540 inani
1328 1479 1540 1578 corpora
1563 1443 1745 1580 prima.
1875 1500 1878 1504 ·

471 1612 729 1752 Praeterea
753 1618 996 1754 quoniam
1021 1615 1208 1752 genitis
1232 1617 1285 1715 in
1312 1615 1466 1716 rebus
1490 1617 1641 1716 inane
1667 1639 1760 1738 est,
1906 1620 1911 1638 '

401 1785 674 1891 Materiam
699 1792 889 1893 circum
914 1789 1126 1891 solidam
1151 1811 1379 1889 constare
1403 1827 1606 1892 necesse
1622 1813 1731 1891 est:

306 2101 312 2110 .
402 1960 517 2064 Nec
541 2001 621 2106 res
646 1964 752 2067 ulla
774 1988 943 2103 potest
966 2000 1085 2064 vera
1107 1965 1301 2063 ratione
1325 1963 1530 2100 probari

403 2132 629 2276 Corpore
653 2139 803 2255 inane
828 2177 920 2241 suo
946 2139 1130 2257 celare,
1151 2158 1308 2275 atque
1332 2140 1471 2239 intus
1495 2137 1714 2263 habere3

401 2307 456 2410 Si
481 2348 601 2431 non,
627 2313 767 2451 quod
793 2311 1013 2431 cohibet,
1040 2308 1259 2411 solidum
1284 2334 1510 2412 constare
1534 2312 1812 2453 relinquas.
1873 2421 1876 2424 ,

400 2482 463 2585 ld
488 2523 640 2622 porro
666 2485 790 2587 nihil
819 2524 927 2588 esse
950 2506 1120 2623 potest
1143 2485 1240 2584 uisi
1265 2488 1494 2587 materiai

402 2657 705 2782 Concilium,
734 2662 871 2801 quod
898 2663 1048 2761 inane
1077 2682 1234 2799 queat
1257 2698 1430 2761 rerum
1455 2660 1708 2766 cohibere.
1800 2800 1802 2804 Ι

400 2831 643 2937 Materies
667 2837 828 2974 igitur
853 2836 1012 2936 solido
1038 2874 1156 2975 quae
1182 2872 1391 2972 corpore
1417 2859 1613 2937 constat

284 3027 287 3030 ’
400 3005 524 3110 Esse
549 3032 739 3110 aeterua
762 3031 947 3159 potest,
973 3045 1089 3108 cum
1113 3031 1294 3109 oaetera
1319 3008 1672 3113 dissolvantur.

463 3182 599 3285 Tum
624 3222 775 3322 porro
801 3186 842 3283 si
866 3185 939 3283 nil
964 3205 1109 3304 esset,
1137 3183 1277 3323 quod
1302 3184 1452 3283 inane
1474 3206 1691 3305 vacaret,

399 3355 568 3460 Omne
593 3359 724 3460 foret
747 3359 981 3481 solidum,
1007 3359 1104 3460 nisi
1128 3379 1303 3458 contra
1325 3394 1537 3494 corpora
1560 3336 1695 3496 cae'ca

400 3529 596 3654 Essent,
618 3572 743 3672 squae
768 3536 880 3634 loca
901 3533 1215 3672 complerent
1243 3568 1564 3670 quaecunque
1590 3523 1844 3633 tenerent:

401 3704 585 3828 Omne,
613 3708 752 3846 quod
779 3731 870 3830 est,
898 3710 1117 3848 spatium
1142 3743 1356 3807 vacuum
1381 3728 1633 3806 constaret
1656 3706 1819 3806 inane.
1878 3771 1881 3775 -

280 3896 283 3900 ’
397 3883 621 3982 Alternis
639 3885 798 4020 igitur
822 3885 1060 3984 nimirum
1087 3920 1269 4020 eorpus
1295 3881 1434 3980 inani

399 4053 711 4155 Distinotum
736 4078 827 4176 est,
856 4057 1096 4195 quoniam
1122 4093 1214 4154 nec
1238 4039 1448 4191 plenum
1473 4053 1667 4154 naviter
1692 4077 1849 4177 extat,

399 4226 512 4332 Nec
538 4266 690 4367 porro
714 4267 958 4340 vacuum:
1001 4253 1119 4329 sunt
1143 4265 1265 4365 ergo
1291 4263 1503 4363 corpora
1526 4265 1674 4348 oaeco,

400 4400 532 4522 Quae
560 4403 779 4539 spatium
803 4375 956 4539 pleno
980 4402 1176 4538 possint
1201 4400 1512 4536 distinguere
1536 4400 1702 4504 inane.

468 4575 597 4677 Haec
622 4614 790 4716 neque
810 4575 1012 4675 dissolvi
1036 4575 1202 4713 plagis
1227 4575 1539 4675 extrinsecus
1563 4575 1663 4675 icta

399 4748 649 4872 Possunt3
687 4788 779 4850 nec
803 4786 955 4887 porro
979 4749 1183 4886 penitus
1207 4770 1472 4885 penetrata
1496 4750 1686 4872 retexi3

399 4924 449 5026 N
456 4964 522 5025 ec
538 4926 729 5024 ratione
756 4946 952 5063 queunt
976 4925 1075 5023 alia
1098 4945 1292 5023 tentata
1315 4921 1516 5022 labare:

397 5097 459 5199 Id
487 5097 625 5239 quod
641 5097 751 5236 jam
776 5136 958 5237 supera
981 5098 1076 5198 tibi
1099 5098 1272 5237 paullo
1296 5095 1606 5199 ostendimus
1632 5117 1764 5200 ante.
1831 5166 1840 5184 ›
1890 5161 1891 5164 κ
