4598 6112
458 438 554 592 roo
775 508 834 595 r.
902 504 1339 596 Lucanum
1406 505 1620 599 cunr

450 758 727 899 Propterea
750 764 896 868 facile
922 790 974 866 et
998 765 1244 904 spoliatur
1268 764 1458 900 lumine
1483 791 1633 887 terra,
1697 834 1703 845 ·

454 934 520 1034 Et
544 938 772 1075 repletur
796 942 933 1060 item,
961 942 1232 1078 nigrasque
1259 938 1352 1039 sibi
1379 939 1542 1041 abluit
1561 940 1782 1044 umbras.
1805 934 1829 963 ‘¹

452 1109 567 1214 Nec
591 1136 761 1213 tamen
791 1113 871 1214 hic
897 1115 1069 1214 oculos
1093 1113 1200 1213 fatti
1228 1115 1550 1216 concedimus
1576 1114 1771 1216 hilum:

452 1284 607 1408 Nam,
635 1326 944 1427 quoeunque
971 1290 1170 1410 loco-sit
1193 1290 1301 1409 lux,
1329 1313 1482 1427 atque
1509 1288 1706 1411 umbra,
1734 1290 1866 1423 tucri

452 1460 663 1564 Illorum
689 1488 764 1565 est
786 1506 796 1564 :
835 1464 1011 1563 eadem
1036 1502 1154 1564 vero
1180 1466 1280 1564 sint
1304 1465 1511 1583 lumina,
1539 1480 1715 1585 necne,

456 1636 768 1779 Umbroque,
797 1678 915 1777 quae
940 1638 1040 1738 fuit
1063 1636 1161 1757 hic,
1190 1638 1364 1738 eadem
1392 1678 1512 1739 num
1541 1662 1764 1740 transeat
1788 1637 1925 1761 illuc;

450 1811 531 1912 An
561 1816 730 1950 potius
756 1815 860 1933 fiat,
888 1815 1062 1951 paullo
1090 1813 1227 1951 quod
1257 1815 1478 1915 diximus
1504 1839 1651 1938 ante3

453 1986 566 2088 Hoc
593 1988 978 2089 animidemum
1005 1990 1132 2087 ratio
1158 1988 1442 2090 discernere
1469 1988 1622 2090 debet
1638 2030 1652 2113 ;

452 2161 502 2262 N
511 2202 566 2262 eo
593 2186 805 2300 possunt
830 2163 962 2263 oculi
988 2186 1221 2263 naturam
1249 2205 1453 2281 noscere
1478 2206 1664 2270 rerum.

453 2334 673 2437 Proinde
699 2339 853 2437 animi
879 2333 1177 2437 vitium-hoc
1204 2342 1362 2442 oculis
1387 2338 1647 2480 adfingere
1674 2345 1793 2446 noli.
1895 2422 1897 2426 -

456 2556 461 2564 ·
523 2513 644 2635 Qua
668 2513 902 2616 vehimur
926 2515 1057 2633 navi,
1085 2514 1262 2636 fertur,
1291 2555 1405 2616 curn
1434 2539 1564 2616 stare
1590 2519 1791 2619 videtur
1807 2561 1821 2644 ;

454 2688 589 2810 Quae
616 2711 787 2788 manet
811 2690 861 2787 in
891 2688 1119 2807 statione,
1148 2728 1208 2788 ea
1231 2715 1419 2828 praeter
1443 2693 1668 2792 creditur
1692 2693 1794 2796 ire:

450 2860 521 2962 Et
544 2861 720 3000 fugere
746 2861 809 2961 ad
837 2860 1053 2997 puppim
1081 2860 1248 2984 colles,
1276 2868 1546 3005 campique
1572 2866 1825 2988 videntur,

451 3038 594 3160 Quos
620 3041 817 3178 agimus
842 3061 1030 3173 praeter
1055 3041 1237 3160 navim,
1264 3041 1491 3178 velisque
1520 3043 1761 3146 volamus.

523 3218 704 3318 Sidera
727 3214 920 3317 cessare
946 3215 1166 3316 aetheriis
1191 3216 1360 3316 adfixa
1385 3217 1608 3314 cavernis

456 3397 654 3499 Cuncta
681 3399 945 3521 videntur3
984 3422 1037 3498 at
1061 3397 1273 3498 adsiduo
1298 3398 1349 3495 in
1378 3417 1498 3494 sunt
1522 3396 1690 3493 omnia
1710 3420 1849 3498 motu
1870 3442 1883 3524 ;

456 3571 891 3710 Quandoquidem
917 3572 1096 3709 longos
1121 3571 1290 3671 obitus
1309 3592 1484 3669 exorta
1503 3569 1743 3690 revisunt,
1865 3584 1868 3588 ’

455 3745 627 3868 Quom
653 3782 921 3885 permensa
945 3786 1034 3847 suo
1061 3770 1181 3847 sunt
1205 3743 1384 3846 coelum
1412 3780 1619 3878 corpore
1646 3744 1813 3846 claro:

459 3924 654 4063 Solque
679 3924 790 4061 pari
815 3925 1010 4024 ratione
1036 3960 1258 4040 manere,
1286 3941 1338 4019 et
1364 3919 1484 4018 luna
1509 3915 1712 4017 videtur

456 4094 517 4196 In
545 4098 774 4217 statione,
803 4136 862 4197 ea
888 4136 1006 4237 quae
1031 4099 1153 4198 ferri
1177 4134 1258 4196 res
1282 4092 1474 4192 indicat
1498 4093 1623 4228 ipsa.

528 4269 904 4410 Exstantesque
928 4250 1107 4411 procul
1135 4272 1303 4391 medio
1328 4270 1392 4371 de
1420 4270 1623 4406 gurgite
1649 4291 1861 4387 montes,
1896 4308 1899 4313 ·

458 4442 717 4546 Classibus
742 4445 877 4545 inter
905 4442 1033 4586 quos
1057 4448 1188 4547 liber
1212 4420 1354 4583 patet
1378 4445 1562 4561 exitus,
1587 4440 1724 4540 idem

455 4621 753 4759 Apparent3
791 4643 844 4720 et
866 4621 1020 4759 longe
1047 4620 1224 4721 divolsi
1250 4621 1386 4738 licet,
1409 4619 1589 4756 ingens

457 4791 631 4895 insula
655 4794 937 4933 conjunctis
964 4819 1133 4897 tamen
1160 4834 1224 4895 ex
1249 4793 1328 4895 his
1353 4830 1458 4895 una
1475 4793 1693 4898 videtur.

527 4970 673 5069 Atria
696 4972 899 5090 versari,
921 4994 973 5072 et
998 4972 1390 5084 circumcursare
1411 4972 1662 5074 columnae

455 5144 635 5284 Usque
655 5142 781 5244 adeo
800 5146 861 5247 fit
880 5149 955 5249 uti
976 5150 1149 5288 pueris
1167 5147 1451 5268 videantur,
1473 5144 1563 5246 ubi
1583 5147 1681 5285 ipsi
