<?xml version="1.0" encoding="UTF-8"?>
<!DOCTYPE html PUBLIC "-//W3C//DTD XHTML 1.0 Transitional//EN"
    "http://www.w3.org/TR/xhtml1/DTD/xhtml1-transitional.dtd">
<html xmlns="http://www.w3.org/1999/xhtml" xml:lang="en" lang="en">
 <head>
  <title>
</title>
<meta http-equiv="Content-Type" content="text/html;charset=utf-8" />
  <meta name='ocr-system' content='tesseract 3.04.00' />
  <meta name='ocr-capabilities' content='ocr_page ocr_carea ocr_par ocr_line ocrx_word'/>
</head>
<body>
  <div class='ocr_page' id='page_1' title='image "./titilucretiicar05carugoog_0026.png"; bbox 0 0 4598 6112; ppageno 0'>
   <div class='ocr_carea' id='block_1_1' title="bbox 764 481 1884 591">
    <p class='ocr_par' dir='ltr' id='par_1_1' title="bbox 764 481 1884 591">
     <span class='ocr_line' id='line_1_1' title="bbox 764 481 1884 591; baseline -0.003 -14"><span class='ocrx_word' id='word_1_1' title='bbox 764 485 1081 578; x_wconf 66' lang='lat' dir='ltr'>”LIBER</span> <span class='ocrx_word' id='word_1_2' title='bbox 1141 482 1506 589; x_wconf 9' lang='lat' dir='ltr'><strong>PRIMUS.)</strong></span> <span class='ocrx_word' id='word_1_3' title='bbox 1823 481 1884 591; x_wconf 88' lang='grc'>17</span> 
     </span>
    </p>
   </div>
   <div class='ocr_carea' id='block_1_2' title="bbox 242 742 1700 1060">
    <p class='ocr_par' dir='ltr' id='par_1_2' title="bbox 242 742 1700 1060">
     <span class='ocr_line' id='line_1_2' title="bbox 401 742 1655 885; baseline -0.001 -40"><span class='ocrx_word' id='word_1_4' title='bbox 401 742 556 864; x_wconf 80' lang='lat' dir='ltr'>Quod</span> <span class='ocrx_word' id='word_1_5' title='bbox 581 746 724 850; x_wconf 88' lang='lat' dir='ltr'>cibus</span> <span class='ocrx_word' id='word_1_6' title='bbox 749 750 798 849; x_wconf 94' lang='lat' dir='ltr'>in</span> <span class='ocrx_word' id='word_1_7' title='bbox 827 771 957 849; x_wconf 89' lang='lat' dir='ltr'>totas</span> <span class='ocrx_word' id='word_1_8' title='bbox 983 783 1147 885; x_wconf 90' lang='lat' dir='ltr'>usque</span> <span class='ocrx_word' id='word_1_9' title='bbox 1174 742 1238 844; x_wconf 90' lang='lat' dir='ltr'>ab</span> <span class='ocrx_word' id='word_1_10' title='bbox 1265 742 1519 846; x_wconf 83' lang='lat' dir='ltr'>radicibus</span> <span class='ocrx_word' id='word_1_11' title='bbox 1544 745 1655 844; x_wconf 90' lang='lat' dir='ltr'>imis</span> 
     </span>
     <span class='ocr_line' id='line_1_3' title="bbox 242 896 1700 1060; baseline -0.003 -36"><span class='ocrx_word' id='word_1_12' title='bbox 242 1017 250 1024; x_wconf 91' lang='lat'>.</span> <span class='ocrx_word' id='word_1_13' title='bbox 400 916 499 1021; x_wconf 92' lang='lat' dir='ltr'>Per</span> <span class='ocrx_word' id='word_1_14' title='bbox 523 896 742 1045; x_wconf 90' lang='lat' dir='ltr'>truncos,</span> <span class='ocrx_word' id='word_1_15' title='bbox 769 962 827 1024; x_wconf 87' lang='lat' dir='ltr'>ac</span> <span class='ocrx_word' id='word_1_16' title='bbox 850 960 945 1060; x_wconf 87' lang='lat' dir='ltr'>per</span> <span class='ocrx_word' id='word_1_17' title='bbox 968 959 1131 1023; x_wconf 89' lang='lat' dir='ltr'>ramos</span> <span class='ocrx_word' id='word_1_18' title='bbox 1158 915 1463 1045; x_wconf 83' lang='lat' dir='ltr'>diffunditur</span> <span class='ocrx_word' id='word_1_19' title='bbox 1486 921 1700 1021; x_wconf 85' lang='lat' dir='ltr'>omneis:</span> 
     </span>
    </p>
   </div>
   <div class='ocr_carea' id='block_1_3' title="bbox 397 1092 1883 1740">
    <p class='ocr_par' dir='ltr' id='par_1_3' title="bbox 397 1092 1883 1740">
     <span class='ocr_line' id='line_1_4' title="bbox 400 1092 1645 1241; baseline -0.001 -46"><span class='ocrx_word' id='word_1_20' title='bbox 400 1094 541 1197; x_wconf 90' lang='lat' dir='ltr'>Inter</span> <span class='ocrx_word' id='word_1_21' title='bbox 565 1122 708 1236; x_wconf 86' lang='lat' dir='ltr'>septa</span> <span class='ocrx_word' id='word_1_22' title='bbox 727 1121 901 1241; x_wconf 88' lang='lat' dir='ltr'>meant</span> <span class='ocrx_word' id='word_1_23' title='bbox 924 1135 1084 1216; x_wconf 80' lang='lat' dir='ltr'>roceo,</span> <span class='ocrx_word' id='word_1_24' title='bbox 1112 1117 1164 1194; x_wconf 90' lang='lat' dir='ltr'>et</span> <span class='ocrx_word' id='word_1_25' title='bbox 1187 1095 1356 1235; x_wconf 80' lang='lat' dir='ltr'>clausa</span> <span class='ocrx_word' id='word_1_26' title='bbox 1381 1092 1645 1194; x_wconf 90' lang='lat' dir='ltr'>domorum</span> 
     </span>
     <span class='ocr_line' id='line_1_5' title="bbox 398 1266 1775 1409; baseline 0.001 -40"><span class='ocrx_word' id='word_1_27' title='bbox 398 1267 795 1376; x_wconf 88' lang='lat' dir='ltr'>Transvolitant:</span> <span class='ocrx_word' id='word_1_28' title='bbox 835 1271 1056 1409; x_wconf 86' lang='lat' dir='ltr'>rigidum</span> <span class='ocrx_word' id='word_1_29' title='bbox 1083 1291 1347 1407; x_wconf 85' lang='lat' dir='ltr'>permanat</span> <span class='ocrx_word' id='word_1_30' title='bbox 1371 1266 1533 1406; x_wconf 85' lang='lat' dir='ltr'>frigus</span> <span class='ocrx_word' id='word_1_31' title='bbox 1560 1268 1625 1370; x_wconf 87' lang='lat' dir='ltr'>ad</span> <span class='ocrx_word' id='word_1_32' title='bbox 1652 1307 1775 1372; x_wconf 89' lang='lat' dir='ltr'>ossa.</span> 
     </span>
     <span class='ocr_line' id='line_1_6' title="bbox 400 1441 1883 1585; baseline 0.001 -41"><span class='ocrx_word' id='word_1_33' title='bbox 400 1441 573 1565; x_wconf 82' lang='lat' dir='ltr'>Quod,</span> <span class='ocrx_word' id='word_1_34' title='bbox 601 1447 696 1546; x_wconf 90' lang='lat' dir='ltr'>nisi</span> <span class='ocrx_word' id='word_1_35' title='bbox 721 1447 891 1546; x_wconf 90' lang='lat' dir='ltr'>inania</span> <span class='ocrx_word' id='word_1_36' title='bbox 916 1444 1030 1562; x_wconf 85' lang='lat' dir='ltr'>sint,</span> <span class='ocrx_word' id='word_1_37' title='bbox 1067 1480 1171 1579; x_wconf 90' lang='lat' dir='ltr'>qua</span> <span class='ocrx_word' id='word_1_38' title='bbox 1195 1464 1403 1578; x_wconf 88' lang='lat' dir='ltr'>possent</span> <span class='ocrx_word' id='word_1_39' title='bbox 1429 1480 1638 1580; x_wconf 87' lang='lat' dir='ltr'>corpora</span> <span class='ocrx_word' id='word_1_40' title='bbox 1664 1482 1883 1585; x_wconf 89' lang='lat' dir='ltr'>quaeque</span> 
     </span>
     <span class='ocr_line' id='line_1_7' title="bbox 397 1608 1533 1740; baseline 0.002 -24"><span class='ocrx_word' id='word_1_41' title='bbox 397 1613 650 1740; x_wconf 72' lang='lat' dir='ltr'>Transire,</span> <span class='ocrx_word' id='word_1_42' title='bbox 678 1616 814 1719; x_wconf 88' lang='lat' dir='ltr'>haud</span> <span class='ocrx_word' id='word_1_43' title='bbox 841 1619 947 1718; x_wconf 90' lang='lat' dir='ltr'>ulla</span> <span class='ocrx_word' id='word_1_44' title='bbox 970 1617 1080 1719; x_wconf 87' lang='lat' dir='ltr'>fieri</span> <span class='ocrx_word' id='word_1_45' title='bbox 1105 1608 1306 1718; x_wconf 83' lang='lat' dir='ltr'>ratione</span> <span class='ocrx_word' id='word_1_46' title='bbox 1323 1618 1533 1718; x_wconf 87' lang='lat' dir='ltr'>videres.</span> 
     </span>
    </p>
   </div>
   <div class='ocr_carea' id='block_1_4' title="bbox 254 1776 1882 5067">
    <p class='ocr_par' dir='ltr' id='par_1_4' title="bbox 254 1776 1882 5067">
     <span class='ocr_line' id='line_1_8' title="bbox 471 1776 1640 1931; baseline 0.003 -41"><span class='ocrx_word' id='word_1_47' title='bbox 471 1776 730 1931; x_wconf 86' lang='lat' dir='ltr'>Denique,</span> <span class='ocrx_word' id='word_1_48' title='bbox 757 1831 849 1892; x_wconf 90' lang='lat' dir='ltr'>cur</span> <span class='ocrx_word' id='word_1_49' title='bbox 872 1791 993 1891; x_wconf 88' lang='lat' dir='ltr'>alias</span> <span class='ocrx_word' id='word_1_50' title='bbox 1018 1791 1128 1890; x_wconf 87' lang='lat' dir='ltr'>aliis</span> <span class='ocrx_word' id='word_1_51' title='bbox 1152 1814 1389 1927; x_wconf 86' lang='lat' dir='ltr'>praestare</span> <span class='ocrx_word' id='word_1_52' title='bbox 1413 1792 1640 1894; x_wconf 90' lang='lat' dir='ltr'>videmus</span> 
     </span>
     <span class='ocr_line' id='line_1_9' title="bbox 400 1961 1544 2102; baseline 0.002 -39"><span class='ocrx_word' id='word_1_53' title='bbox 400 1961 633 2066; x_wconf 90' lang='lat' dir='ltr'>Pondere</span> <span class='ocrx_word' id='word_1_54' title='bbox 658 2003 736 2065; x_wconf 90' lang='lat' dir='ltr'>res</span> <span class='ocrx_word' id='word_1_55' title='bbox 761 1964 927 2083; x_wconf 90' lang='lat' dir='ltr'>rebus,</span> <span class='ocrx_word' id='word_1_56' title='bbox 955 1961 1114 2063; x_wconf 89' lang='lat' dir='ltr'>nihilo</span> <span class='ocrx_word' id='word_1_57' title='bbox 1139 1963 1325 2100; x_wconf 88' lang='lat' dir='ltr'>majore</span> <span class='ocrx_word' id='word_1_58' title='bbox 1351 1963 1544 2102; x_wconf 69' lang='lat' dir='ltr'>figura?</span> 
     </span>
     <span class='ocr_line' id='line_1_10' title="bbox 254 2136 1830 2283; baseline 0.007 -44"><span class='ocrx_word' id='word_1_59' title='bbox 254 2137 258 2143; x_wconf 57' lang='grc'>’</span> <span class='ocrx_word' id='word_1_60' title='bbox 405 2136 559 2259; x_wconf 90' lang='lat' dir='ltr'>Nam,</span> <span class='ocrx_word' id='word_1_61' title='bbox 587 2141 627 2240; x_wconf 89' lang='lat' dir='ltr'>si</span> <span class='ocrx_word' id='word_1_62' title='bbox 651 2140 954 2241; x_wconf 82' lang='lat' dir='ltr'>tantundem</span> <span class='ocrx_word' id='word_1_63' title='bbox 979 2161 1055 2240; x_wconf 89' lang='lat' dir='ltr'>est</span> <span class='ocrx_word' id='word_1_64' title='bbox 1078 2139 1132 2239; x_wconf 93' lang='lat' dir='ltr'>in</span> <span class='ocrx_word' id='word_1_65' title='bbox 1156 2139 1286 2241; x_wconf 86' lang='lat' dir='ltr'>lanae</span> <span class='ocrx_word' id='word_1_66' title='bbox 1312 2142 1551 2278; x_wconf 85' lang='lat' dir='ltr'>glomere,</span> <span class='ocrx_word' id='word_1_67' title='bbox 1579 2169 1830 2283; x_wconf 86' lang='lat' dir='ltr'>quantum</span> 
     </span>
     <span class='ocr_line' id='line_1_11' title="bbox 403 2297 1882 2459; baseline 0.009 -49"><span class='ocrx_word' id='word_1_68' title='bbox 403 2297 641 2451; x_wconf 87' lang='lat' dir='ltr'>Corporis</span> <span class='ocrx_word' id='word_1_69' title='bbox 666 2316 720 2421; x_wconf 91' lang='lat' dir='ltr'>iu</span> <span class='ocrx_word' id='word_1_70' title='bbox 744 2313 956 2451; x_wconf 90' lang='lat' dir='ltr'>plumbo</span> <span class='ocrx_word' id='word_1_71' title='bbox 975 2336 1065 2434; x_wconf 89' lang='lat' dir='ltr'>cst,</span> <span class='ocrx_word' id='word_1_72' title='bbox 1094 2314 1393 2414; x_wconf 85' lang='lat' dir='ltr'>tantundem</span> <span class='ocrx_word' id='word_1_73' title='bbox 1414 2320 1635 2454; x_wconf 89' lang='lat' dir='ltr'>pendere</span> <span class='ocrx_word' id='word_1_74' title='bbox 1662 2359 1754 2459; x_wconf 89' lang='lat' dir='ltr'>par</span> <span class='ocrx_word' id='word_1_75' title='bbox 1778 2344 1854 2423; x_wconf 90' lang='lat' dir='ltr'>est</span> <span class='ocrx_word' id='word_1_76' title='bbox 1868 2365 1882 2449; x_wconf 90' lang='lat'>;</span> 
     </span>
     <span class='ocr_line' id='line_1_12' title="bbox 405 2482 1882 2625; baseline 0.012 -42"><span class='ocrx_word' id='word_1_77' title='bbox 405 2482 1882 2625; x_wconf 85' lang='lat' dir='ltr'>Corporisossiciumestquoniampremereomnindeorsum:</span> 
     </span>
     <span class='ocr_line' id='line_1_13' title="bbox 405 2655 1784 2800; baseline 0.009 -40"><span class='ocrx_word' id='word_1_78' title='bbox 405 2655 597 2762; x_wconf 84' lang='lat' dir='ltr'>Contra</span> <span class='ocrx_word' id='word_1_79' title='bbox 618 2686 787 2762; x_wconf 88' lang='lat' dir='ltr'>autem</span> <span class='ocrx_word' id='word_1_80' title='bbox 814 2685 996 2763; x_wconf 87' lang='lat' dir='ltr'>natura</span> <span class='ocrx_word' id='word_1_81' title='bbox 1020 2683 1189 2761; x_wconf 86' lang='lat' dir='ltr'>manet</span> <span class='ocrx_word' id='word_1_82' title='bbox 1214 2660 1319 2762; x_wconf 87' lang='lat' dir='ltr'>sine</span> <span class='ocrx_word' id='word_1_83' title='bbox 1344 2665 1569 2800; x_wconf 88' lang='lat' dir='ltr'>pondere</span> <span class='ocrx_word' id='word_1_84' title='bbox 1596 2664 1784 2772; x_wconf 81' lang='lat' dir='ltr'>inanis.</span> 
     </span>
     <span class='ocr_line' id='line_1_14' title="bbox 402 2831 1861 2978; baseline 0.006 -44"><span class='ocrx_word' id='word_1_85' title='bbox 402 2831 542 2974; x_wconf 87' lang='lat' dir='ltr'>Ergo</span> <span class='ocrx_word' id='word_1_86' title='bbox 569 2836 708 2974; x_wconf 92' lang='lat' dir='ltr'>quod</span> <span class='ocrx_word' id='word_1_87' title='bbox 734 2876 974 2974; x_wconf 86' lang='lat' dir='ltr'>magnum</span> <span class='ocrx_word' id='word_1_88' title='bbox 1002 2858 1077 2936; x_wconf 88' lang='lat' dir='ltr'>est</span> <span class='ocrx_word' id='word_1_89' title='bbox 1102 2874 1264 2975; x_wconf 87' lang='lat' dir='ltr'>aeque,</span> <span class='ocrx_word' id='word_1_90' title='bbox 1292 2839 1555 2978; x_wconf 90' lang='lat' dir='ltr'>leviusque</span> <span class='ocrx_word' id='word_1_91' title='bbox 1579 2842 1796 2964; x_wconf 87' lang='lat' dir='ltr'>videtur,</span> <span class='ocrx_word' id='word_1_92' title='bbox 1859 2887 1861 2891; x_wconf 66' lang='grc'>’</span> 
     </span>
     <span class='ocr_line' id='line_1_15' title="bbox 405 3005 1736 3146; baseline 0.005 -37"><span class='ocrx_word' id='word_1_93' title='bbox 405 3005 662 3109; x_wconf 91' lang='lat' dir='ltr'>Nimirum</span> <span class='ocrx_word' id='word_1_94' title='bbox 691 3010 806 3146; x_wconf 92' lang='lat' dir='ltr'>plus</span> <span class='ocrx_word' id='word_1_95' title='bbox 833 3009 1059 3111; x_wconf 86' lang='lat' dir='ltr'>esse.sibi</span> <span class='ocrx_word' id='word_1_96' title='bbox 1085 3008 1309 3114; x_wconf 86' lang='lat' dir='ltr'>declarat</span> <span class='ocrx_word' id='word_1_97' title='bbox 1334 3012 1506 3115; x_wconf 91' lang='lat' dir='ltr'>Inanis</span> <span class='ocrx_word' id='word_1_98' title='bbox 1526 3055 1563 3115; x_wconf 40' lang='lat'>:¹</span> <span class='ocrx_word' id='word_1_99' title='bbox 1594 3068 1596 3073; x_wconf 95' lang='lat'><em>·</em></span> <span class='ocrx_word' id='word_1_100' title='bbox 1733 3064 1736 3069; x_wconf 94' lang='lat'>·</span> 
     </span>
     <span class='ocr_line' id='line_1_16' title="bbox 401 3156 1830 3324; baseline 0.006 -43"><span class='ocrx_word' id='word_1_101' title='bbox 401 3182 475 3281; x_wconf 90' lang='lat' dir='ltr'>At</span> <span class='ocrx_word' id='word_1_102' title='bbox 499 3205 673 3284; x_wconf 90' lang='lat' dir='ltr'>contra</span> <span class='ocrx_word' id='word_1_103' title='bbox 697 3187 898 3323; x_wconf 85' lang='lat' dir='ltr'>gravius</span> <span class='ocrx_word' id='word_1_104' title='bbox 924 3187 1040 3322; x_wconf 88' lang='lat' dir='ltr'>plus</span> <span class='ocrx_word' id='word_1_105' title='bbox 1064 3185 1117 3284; x_wconf 92' lang='lat' dir='ltr'>in</span> <span class='ocrx_word' id='word_1_106' title='bbox 1144 3191 1196 3284; x_wconf 75' lang='lat' dir='ltr'>ae</span> <span class='ocrx_word' id='word_1_107' title='bbox 1222 3189 1442 3324; x_wconf 88' lang='lat' dir='ltr'>corporis</span> <span class='ocrx_word' id='word_1_108' title='bbox 1467 3226 1573 3290; x_wconf 87' lang='lat' dir='ltr'>csse</span> <span class='ocrx_word' id='word_1_109' title='bbox 1699 3233 1703 3239; x_wconf 89' lang='lat'><strong>·</strong></span> <span class='ocrx_word' id='word_1_110' title='bbox 1819 3156 1830 3199; x_wconf 51' lang='lat'>³</span> 
     </span>
     <span class='ocr_line' id='line_1_17' title="bbox 404 3355 1650 3481; baseline 0.006 -24"><span class='ocrx_word' id='word_1_111' title='bbox 404 3355 639 3481; x_wconf 86' lang='lat' dir='ltr'>Dedicat,</span> <span class='ocrx_word' id='word_1_112' title='bbox 667 3381 719 3461; x_wconf 88' lang='lat' dir='ltr'>et</span> <span class='ocrx_word' id='word_1_113' title='bbox 742 3358 903 3461; x_wconf 87' lang='lat' dir='ltr'>multo</span> <span class='ocrx_word' id='word_1_114' title='bbox 929 3364 1079 3464; x_wconf 89' lang='lat' dir='ltr'>vacui</span> <span class='ocrx_word' id='word_1_115' title='bbox 1096 3363 1262 3463; x_wconf 91' lang='lat' dir='ltr'>minus</span> <span class='ocrx_word' id='word_1_116' title='bbox 1286 3365 1422 3463; x_wconf 85' lang='lat' dir='ltr'>intus</span> <span class='ocrx_word' id='word_1_117' title='bbox 1451 3359 1650 3464; x_wconf 88' lang='lat' dir='ltr'>habere.</span> 
     </span>
     <span class='ocr_line' id='line_1_18' title="bbox 404 3533 1696 3676; baseline 0.001 -41"><span class='ocrx_word' id='word_1_118' title='bbox 404 3533 497 3636; x_wconf 88' lang='lat' dir='ltr'>Est</span> <span class='ocrx_word' id='word_1_119' title='bbox 522 3536 679 3676; x_wconf 86' lang='lat' dir='ltr'>igitur</span> <span class='ocrx_word' id='word_1_120' title='bbox 703 3537 941 3637; x_wconf 90' lang='lat' dir='ltr'>nimirum</span> <span class='ocrx_word' id='word_1_121' title='bbox 966 3537 1036 3657; x_wconf 88' lang='lat' dir='ltr'>id,</span> <span class='ocrx_word' id='word_1_122' title='bbox 1064 3536 1203 3675; x_wconf 91' lang='lat' dir='ltr'>quod</span> <span class='ocrx_word' id='word_1_123' title='bbox 1222 3538 1414 3636; x_wconf 87' lang='lat' dir='ltr'>ratione</span> <span class='ocrx_word' id='word_1_124' title='bbox 1441 3539 1609 3674; x_wconf 86' lang='lat' dir='ltr'>sagaci</span> <span class='ocrx_word' id='word_1_125' title='bbox 1694 3610 1696 3615; x_wconf 64' lang='grc'><em>»</em></span> 
     </span>
     <span class='ocr_line' id='line_1_19' title="bbox 407 3706 1813 3847; baseline 0.002 -36"><span class='ocrx_word' id='word_1_126' title='bbox 407 3706 715 3831; x_wconf 80' lang='lat' dir='ltr'>Quaerimus,</span> <span class='ocrx_word' id='word_1_127' title='bbox 743 3711 1013 3811; x_wconf 89' lang='lat' dir='ltr'>admistum</span> <span class='ocrx_word' id='word_1_128' title='bbox 1040 3709 1190 3810; x_wconf 88' lang='lat' dir='ltr'>rebus</span> <span class='ocrx_word' id='word_1_129' title='bbox 1217 3711 1359 3847; x_wconf 90' lang='lat' dir='ltr'>quod</span> <span class='ocrx_word' id='word_1_130' title='bbox 1387 3709 1545 3811; x_wconf 88' lang='lat' dir='ltr'>Inane</span> <span class='ocrx_word' id='word_1_131' title='bbox 1568 3746 1813 3814; x_wconf 87' lang='lat' dir='ltr'>vocamus.</span> 
     </span>
     <span class='ocr_line' id='line_1_20' title="bbox 475 3882 1635 4005; baseline 0.002 -22"><span class='ocrx_word' id='word_1_132' title='bbox 475 3882 614 3986; x_wconf 91' lang='lat' dir='ltr'>Illud</span> <span class='ocrx_word' id='word_1_133' title='bbox 639 3888 692 3986; x_wconf 90' lang='lat' dir='ltr'>in</span> <span class='ocrx_word' id='word_1_134' title='bbox 717 3884 796 3986; x_wconf 93' lang='lat' dir='ltr'>his</span> <span class='ocrx_word' id='word_1_135' title='bbox 814 3884 980 4005; x_wconf 90' lang='lat' dir='ltr'>rebus,</span> <span class='ocrx_word' id='word_1_136' title='bbox 1007 3925 1071 3986; x_wconf 91' lang='lat' dir='ltr'>ne</span> <span class='ocrx_word' id='word_1_137' title='bbox 1096 3908 1146 3985; x_wconf 89' lang='lat' dir='ltr'>te</span> <span class='ocrx_word' id='word_1_138' title='bbox 1174 3882 1422 3983; x_wconf 87' lang='lat' dir='ltr'>deducere</span> <span class='ocrx_word' id='word_1_139' title='bbox 1445 3922 1563 3985; x_wconf 92' lang='lat' dir='ltr'>vero</span> <span class='ocrx_word' id='word_1_140' title='bbox 1631 3962 1635 3978; x_wconf 34' lang='lat'><strong><em>⁵</em></strong></span> 
     </span>
     <span class='ocr_line' id='line_1_21' title="bbox 406 4056 1764 4198; baseline 0 -40"><span class='ocrx_word' id='word_1_141' title='bbox 406 4056 585 4178; x_wconf 87' lang='lat' dir='ltr'>Possit,</span> <span class='ocrx_word' id='word_1_142' title='bbox 613 4058 987 4198; x_wconf 87' lang='lat' dir='ltr'>quodquidam</span> <span class='ocrx_word' id='word_1_143' title='bbox 1012 4062 1231 4197; x_wconf 86' lang='lat' dir='ltr'>fingunt,</span> <span class='ocrx_word' id='word_1_144' title='bbox 1258 4095 1566 4193; x_wconf 87' lang='lat' dir='ltr'>praecurrere</span> <span class='ocrx_word' id='word_1_145' title='bbox 1592 4096 1764 4196; x_wconf 88' lang='lat' dir='ltr'>cogor:</span> 
     </span>
     <span class='ocr_line' id='line_1_22' title="bbox 405 4229 1791 4372; baseline -0.006 -39"><span class='ocrx_word' id='word_1_146' title='bbox 405 4229 599 4333; x_wconf 88' lang='lat' dir='ltr'>Cedere</span> <span class='ocrx_word' id='word_1_147' title='bbox 625 4234 1010 4372; x_wconf 86' lang='lat' dir='ltr'>squammigeris</span> <span class='ocrx_word' id='word_1_148' title='bbox 1033 4234 1205 4333; x_wconf 87' lang='lat' dir='ltr'>latices</span> <span class='ocrx_word' id='word_1_149' title='bbox 1224 4230 1501 4330; x_wconf 88' lang='lat' dir='ltr'>nitentibus</span> <span class='ocrx_word' id='word_1_150' title='bbox 1525 4231 1681 4348; x_wconf 88' lang='lat' dir='ltr'>aiunt,</span> <span class='ocrx_word' id='word_1_151' title='bbox 1785 4315 1791 4325; x_wconf 90' lang='lat'><strong><em>.</em></strong></span> 
     </span>
     <span class='ocr_line' id='line_1_23' title="bbox 403 4404 1767 4546; baseline -0.001 -38"><span class='ocrx_word' id='word_1_152' title='bbox 403 4405 473 4508; x_wconf 91' lang='lat' dir='ltr'>Et</span> <span class='ocrx_word' id='word_1_153' title='bbox 495 4407 716 4546; x_wconf 90' lang='lat' dir='ltr'>liquidas</span> <span class='ocrx_word' id='word_1_154' title='bbox 741 4406 935 4544; x_wconf 87' lang='lat' dir='ltr'>aperire</span> <span class='ocrx_word' id='word_1_155' title='bbox 955 4407 1080 4528; x_wconf 82' lang='lat' dir='ltr'>vias3</span> <span class='ocrx_word' id='word_1_156' title='bbox 1119 4405 1240 4544; x_wconf 85' lang='lat' dir='ltr'>quia</span> <span class='ocrx_word' id='word_1_157' title='bbox 1264 4426 1379 4541; x_wconf 89' lang='lat' dir='ltr'>post</span> <span class='ocrx_word' id='word_1_158' title='bbox 1402 4404 1514 4504; x_wconf 89' lang='lat' dir='ltr'>loca</span> <span class='ocrx_word' id='word_1_159' title='bbox 1536 4405 1697 4540; x_wconf 90' lang='lat' dir='ltr'>pisces</span> <span class='ocrx_word' id='word_1_160' title='bbox 1765 4467 1767 4472; x_wconf 95' lang='lat'>·</span> 
     </span>
     <span class='ocr_line' id='line_1_24' title="bbox 407 4579 1772 4721; baseline 0 -39"><span class='ocrx_word' id='word_1_161' title='bbox 407 4579 683 4721; x_wconf 79' lang='lat' dir='ltr'>Linquent,</span> <span class='ocrx_word' id='word_1_162' title='bbox 711 4618 813 4718; x_wconf 89' lang='lat' dir='ltr'>quo</span> <span class='ocrx_word' id='word_1_163' title='bbox 837 4581 1031 4717; x_wconf 88' lang='lat' dir='ltr'>possint</span> <span class='ocrx_word' id='word_1_164' title='bbox 1055 4579 1288 4679; x_wconf 88' lang='lat' dir='ltr'>cedentes</span> <span class='ocrx_word' id='word_1_165' title='bbox 1314 4583 1571 4681; x_wconf 86' lang='lat' dir='ltr'>confluere</span> <span class='ocrx_word' id='word_1_166' title='bbox 1597 4581 1772 4682; x_wconf 88' lang='lat' dir='ltr'>undae:</span> 
     </span>
     <span class='ocr_line' id='line_1_25' title="bbox 407 4753 1656 4893; baseline 0 -39"><span class='ocrx_word' id='word_1_167' title='bbox 407 4753 489 4857; x_wconf 86' lang='lat' dir='ltr'>Sic</span> <span class='ocrx_word' id='word_1_168' title='bbox 516 4755 636 4857; x_wconf 88' lang='lat' dir='ltr'>alias</span> <span class='ocrx_word' id='word_1_169' title='bbox 663 4792 869 4893; x_wconf 88' lang='lat' dir='ltr'>quoque</span> <span class='ocrx_word' id='word_1_170' title='bbox 895 4792 973 4855; x_wconf 89' lang='lat' dir='ltr'>res</span> <span class='ocrx_word' id='word_1_171' title='bbox 998 4755 1131 4853; x_wconf 91' lang='lat' dir='ltr'>inter</span> <span class='ocrx_word' id='word_1_172' title='bbox 1156 4791 1206 4851; x_wconf 89' lang='lat' dir='ltr'>se</span> <span class='ocrx_word' id='word_1_173' title='bbox 1233 4790 1376 4889; x_wconf 91' lang='lat' dir='ltr'>posse</span> <span class='ocrx_word' id='word_1_174' title='bbox 1403 4755 1605 4872; x_wconf 88' lang='lat' dir='ltr'>moveri,</span> <span class='ocrx_word' id='word_1_175' title='bbox 1646 4811 1656 4844; x_wconf 13' lang='grc' dir='ltr'>Α·</span> 
     </span>
     <span class='ocr_line' id='line_1_26' title="bbox 406 4926 1657 5067; baseline 0.001 -39"><span class='ocrx_word' id='word_1_176' title='bbox 406 4926 474 5028; x_wconf 87' lang='lat' dir='ltr'>Et</span> <span class='ocrx_word' id='word_1_177' title='bbox 493 4951 686 5029; x_wconf 91' lang='lat' dir='ltr'>mutare</span> <span class='ocrx_word' id='word_1_178' title='bbox 711 4928 894 5047; x_wconf 90' lang='lat' dir='ltr'>locum,</span> <span class='ocrx_word' id='word_1_179' title='bbox 922 4926 1149 5067; x_wconf 84' lang='lat' dir='ltr'>quamvis</span> <span class='ocrx_word' id='word_1_180' title='bbox 1175 4926 1274 5025; x_wconf 90' lang='lat' dir='ltr'>siut</span> <span class='ocrx_word' id='word_1_181' title='bbox 1299 4929 1467 5027; x_wconf 88' lang='lat' dir='ltr'>omnia</span> <span class='ocrx_word' id='word_1_182' title='bbox 1484 4927 1657 5063; x_wconf 86' lang='lat' dir='ltr'>plena:</span> 
     </span>
    </p>
   </div>
   <div class='ocr_carea' id='block_1_5' title="bbox 407 5100 1626 5325">
    <p class='ocr_par' dir='ltr' id='par_1_5' title="bbox 407 5100 1626 5325">
     <span class='ocr_line' id='line_1_27' title="bbox 407 5100 1626 5237; baseline -0.001 -35"><span class='ocrx_word' id='word_1_183' title='bbox 407 5101 607 5203; x_wconf 87' lang='lat' dir='ltr'>Scilicet</span> <span class='ocrx_word' id='word_1_184' title='bbox 631 5101 685 5203; x_wconf 93' lang='lat' dir='ltr'>id</span> <span class='ocrx_word' id='word_1_185' title='bbox 709 5100 1013 5207; x_wconf 84' lang='lat' dir='ltr'>falsatotum</span> <span class='ocrx_word' id='word_1_186' title='bbox 1033 5101 1225 5200; x_wconf 87' lang='lat' dir='ltr'>ratione</span> <span class='ocrx_word' id='word_1_187' title='bbox 1252 5122 1511 5237; x_wconf 89' lang='lat' dir='ltr'>receptum</span> <span class='ocrx_word' id='word_1_188' title='bbox 1538 5123 1626 5202; x_wconf 89' lang='lat' dir='ltr'>est.</span> 
     </span>
     <span class='ocr_line' id='line_1_28' title="bbox 1136 5285 1158 5325; baseline 0 -1"><span class='ocrx_word' id='word_1_189' title='bbox 1136 5285 1158 5325; x_wconf 64' lang='grc' dir='ltr'><strong>υ</strong></span> 
     </span>
    </p>
   </div>
   <div class='ocr_carea' id='block_1_6' title="bbox 0 0 2304 6112">
    <p class='ocr_par' dir='ltr' id='par_1_6' title="bbox 0 0 2304 6112">
     <span class='ocr_line' id='line_1_29' title="bbox 0 0 2304 6112; baseline 0 4"><span class='ocrx_word' id='word_1_190' title='bbox 0 0 2304 6112; x_wconf 95' lang='lat' dir='ltr'> </span> 
     </span>
    </p>
   </div>
  </div>
 </body>
</html>
