4598 6112
798 565 1069 658 menn
1128 508 1481 661 uulnus.
1657 668 1658 671 ψ
1828 559 1892 659 41

402 827 485 928 An
511 825 783 966 prohibere
809 825 1000 967 aliquid
1028 834 1216 947 censes)
1238 824 1546 966 obstareque
1572 833 1750 968 posse?

400 981 722 1103 Alterutrum
748 1001 949 1105 fatearis
974 1006 1126 1124 enirn,
1154 1039 1425 1143 sumasque
1450 1040 1650 1104 necesse
1676 1024 1767 1125 est,

403 1177 639 1299 Quorum
665 1177 953 1318 utrumque¹
970 1177 1063 1279 tibi
1083 1175 1328 1316 effugium
1350 1177 1645 1316 praecludit,
1673 1199 1725 1279 et
1748 1216 1903 1280 omne

405 1350 558 1492 Cogit
583 1376 641 1454 ut
665 1374 904 1490 exempta
927 1350 1171 1452 concedas
1196 1350 1297 1452 fine
1321 1341 1511 1487 patere.

403 1527 542 1631 Nam
568 1530 670 1631 sive
695 1550 770 1628 est
796 1526 1009 1665 aliquid,
1038 1526 1174 1664 quod
1202 1523 1487 1663 prohibeat,
1513 1526 1804 1667 officiatque

403 1703 522 1825 Quo
541 1705 709 1805 minus
735 1741 840 1842 quo
867 1698 1072 1800 missum
1099 1699 1380 1818 est-veniat,
1401 1699 1595 1839 finique
1617 1701 1751 1804 locet
1774 1740 1863 1825 se,·

402 1876 516 1978 Sive
541 1878 674 1978 foras
698 1877 876 1995 fertur,
905 1913 1006 1974 non
1033 1896 1109 1973 est
1132 1911 1191 1973 ea
1216 1873 1330 1973 finis
1355 1872 1606 2012 profectm

401 2048 516 2154 Hoc
540 2074 690 2190 pacto
715 2086 915 2188 sequar,
942 2070 1101 2186 atque
1122 2083 1233 2145 oras
1261 2044 1556 2187 ubicunque
1579 2017 1757 2154 locaris

401 2222 682 2342 Extremas,
711 2259 939 2363 quaeram
966 2218 1092 2359 quid
1118 2218 1222 2320 telo
1246 2217 1467 2361 denique
1492 2224 1597 2328 fiat.

397 2399 510 2500 Fiet
532 2399 607 2499 uti
634 2435 889 2537 nusquam
912 2396 1072 2534 possit
1095 2394 1365 2495 consistere
1391 2399 1535 2524 finis;
1589 2509 1594 2520 .

400 2572 770 2714 Effugiumque
788 2572 927 2713 fugae
953 2570 1173 2709 prolatet
1196 2572 1343 2710 copia
1367 2608 1583 2714 semper·
1721 2646 1723 2650 ι
1783 2644 1787 2680 ;

470 2747 740 2867 Praeterea,
767 2749 989 2886 spatium
1015 2751 1230 2846 summai
1254 2720 1418 2848 totius·
1434 2782 1584 2851 omne
1723 2734 1727 2740 ²
1839 2798 1843 2807 ’

399 2922 647 3062 Undique
673 2925 714 3024 si
738 2923 990 3023 inclusum
1010 2921 1157 3022 certis
1182 2923 1475 3026 consisteret
1498 2927 1614 3048 oris,
1647 3000 1650 3005 -

399 3099 730 3238 Finitumque
755 3097 902 3217 foret,
920 3096 1026 3234 jam
1055 3094 1201 3236 copia
1224 3100 1453 3201 materiai
1591 3152 1596 3163 ·

398 3272 648 3413 Undique
672 3269 988 3412 ponderibus
1013 3272 1185 3373 solidis
1209 3275 1471 3376 confldxet
1495 3272 1561 3376 ad
1585 3277 1775 3400 imum3

400 3450 514 3554 Nec
540 3441 619 3551 res
645 3449 752 3550 ulia
774 3449 882 3586 geri
908 3443 1005 3547 sub
1030 3429 1143 3547 coeii
1167 3448 1392 3587 tegmine
1415 3474 1615 3590 posset3
1652 3548 1654 3552 ,

254 3651 255 3654 ‘
399 3624 513 3728 Nec
538 3625 670 3730 foret
693 3620 1125 3740 omninoooelum,
1151 3656 1322 3761 neque
1344 3625 1538 3726 iumine
1562 3625 1708 3764 solis:

397 3800 608 3937 Quippe
634 3796 723 3899 ubi
748 3797 981 3898 materies
999 3796 1160 3897 omnis
1186 3798 1451 3928 cumulata·
1459 3800 1651 3938 jaceret

397 3973 480 4078 Ex
506 3973 705 4074 infinito
722 3972 831 4110 jam
857 3993 1087 4109 tempore
1112 3969 1437 4101 subsidendo.

397 4150 470 4250 At
494 4188 629 4249 nunc
649 4148 889 4248 nimirum
915 4147 1117 4285 requies
1142 4145 1262 4247 data·
1283 4142 1650 4287 principiorum

400 4322 715 4464 Corporibus
740 4320 885 4427 nuile
909 4343 1013 4421 est:
1055 4320 1181 4459 quia·
1201 4321 1277 4422 nil.
1299 4345 1376 4423 est
1399 4323 1631 4427 fund-itus
1655 4326 1832 4449 imum,
1952 4380 1965 4393 ‚

400 4498 519 4620 Quo
545 4498 692 4640 quasi
711 4497 985 4616 confluere,
1005 4517 1057 4596 et
1082 4494 1224 4597 sedes
1248 4495 1552 4637 ubi··ponere
1575 4499 1770 4639 possint
1783 4541 1798 4624 ς

239 4701 241 4706 ·
399 4673 613 4811 Semper
632 4694 684 4781 et
708 4671 922 4813 adsiduo
947 4693 1094 4773 motu·
1114 4700 1195 4772 res
1211 4703 1436 4814 quasque
1461 4696 1714 4815 geruntur
1751 4740 1754 4747 ·

398 4847 635 4950 Partibus
653 4850 708 4950 in
733 4848 948 4968 cunctis,-
971 4856 1268 4984 aeternaque
1292 4849 1687 4988 suppeditantur
1775 4910 1777 4914 Α

396 5022 477 5127 Ex
504 5024 710 5128 infinito
728 5023 832 5127 cito
845 5059 1058 5163 corpora
1073 5021 1341 5146 materiai„
1515 5094 1518 5099 ·

1184 5209 1205 5254 Θ
