<?xml version="1.0" encoding="UTF-8"?>
<!DOCTYPE html PUBLIC "-//W3C//DTD XHTML 1.0 Transitional//EN"
    "http://www.w3.org/TR/xhtml1/DTD/xhtml1-transitional.dtd">
<html xmlns="http://www.w3.org/1999/xhtml" xml:lang="en" lang="en">
 <head>
  <title>
</title>
<meta http-equiv="Content-Type" content="text/html;charset=utf-8" />
  <meta name='ocr-system' content='tesseract 3.04.00' />
  <meta name='ocr-capabilities' content='ocr_page ocr_carea ocr_par ocr_line ocrx_word'/>
</head>
<body>
  <div class='ocr_page' id='page_1' title='image "./titilucretiicar05carugoog_0042.png"; bbox 0 0 4598 6112; ppageno 0'>
   <div class='ocr_carea' id='block_1_1' title="bbox 717 478 2042 583">
    <p class='ocr_par' dir='ltr' id='par_1_1' title="bbox 717 478 2042 583">
     <span class='ocr_line' id='line_1_1' title="bbox 717 478 2042 583; baseline 0.004 -8"><span class='ocrx_word' id='word_1_1' title='bbox 717 543 721 550; x_wconf 91' lang='lat'><em>-</em></span> <span class='ocrx_word' id='word_1_2' title='bbox 809 485 1079 579; x_wconf 84' lang='lat' dir='ltr'><strong>LIBER</strong></span> <span class='ocrx_word' id='word_1_3' title='bbox 1140 485 1495 583; x_wconf 79' lang='lat' dir='ltr'><strong>PRIMUS.</strong></span> <span class='ocrx_word' id='word_1_4' title='bbox 1821 478 1890 579; x_wconf 76' lang='lat'>3³</span> <span class='ocrx_word' id='word_1_5' title='bbox 2040 492 2042 496; x_wconf 77' lang='grc'><strong>’</strong></span> 
     </span>
    </p>
   </div>
   <div class='ocr_carea' id='block_1_2' title="bbox 256 745 2021 5257">
    <p class='ocr_par' dir='ltr' id='par_1_2' title="bbox 328 745 2021 3680">
     <span class='ocr_line' id='line_1_2' title="bbox 395 745 1660 887; baseline -0.002 -39"><span class='ocrx_word' id='word_1_6' title='bbox 395 745 642 887; x_wconf 86' lang='lat' dir='ltr'>Atquein</span> <span class='ocrx_word' id='word_1_7' title='bbox 667 785 750 848; x_wconf 89' lang='lat' dir='ltr'>cas</span> <span class='ocrx_word' id='word_1_8' title='bbox 777 787 976 850; x_wconf 86' lang='lat' dir='ltr'>rursum</span> <span class='ocrx_word' id='word_1_9' title='bbox 1003 788 1082 851; x_wconf 89' lang='lat' dir='ltr'>res</span> <span class='ocrx_word' id='word_1_10' title='bbox 1100 751 1270 851; x_wconf 93' lang='lat' dir='ltr'>omnia</span> <span class='ocrx_word' id='word_1_11' title='bbox 1296 746 1660 871; x_wconf 86' lang='lat' dir='ltr'>dissolvuntur,</span> 
     </span>
     <span class='ocr_line' id='line_1_3' title="bbox 399 899 1662 1065; baseline 0 -45"><span class='ocrx_word' id='word_1_12' title='bbox 399 917 504 1041; x_wconf 80' lang='lat' dir='ltr'>Qut</span> <span class='ocrx_word' id='word_1_13' title='bbox 532 923 689 1059; x_wconf 89' lang='lat' dir='ltr'>magis</span> <span class='ocrx_word' id='word_1_14' title='bbox 715 922 802 1022; x_wconf 89' lang='lat' dir='ltr'>illa</span> <span class='ocrx_word' id='word_1_15' title='bbox 828 947 1025 1062; x_wconf 88' lang='lat' dir='ltr'>queunt</span> <span class='ocrx_word' id='word_1_16' title='bbox 1049 963 1217 1026; x_wconf 87' lang='lat' dir='ltr'>rerum</span> <span class='ocrx_word' id='word_1_17' title='bbox 1243 921 1520 1065; x_wconf 88' lang='lat' dir='ltr'>primordia</span> <span class='ocrx_word' id='word_1_18' title='bbox 1545 899 1662 1042; x_wconf 93' lang='lat' dir='ltr'>dici,</span> 
     </span>
     <span class='ocr_line' id='line_1_4' title="bbox 397 1087 1606 1238; baseline 0.005 -44"><span class='ocrx_word' id='word_1_19' title='bbox 397 1093 566 1215; x_wconf 81' lang='lat' dir='ltr'>Quam</span> <span class='ocrx_word' id='word_1_20' title='bbox 593 1118 767 1195; x_wconf 89' lang='lat' dir='ltr'>contra</span> <span class='ocrx_word' id='word_1_21' title='bbox 791 1115 871 1195; x_wconf 88' lang='lat' dir='ltr'>res</span> <span class='ocrx_word' id='word_1_22' title='bbox 896 1099 1113 1220; x_wconf 90' lang='lat' dir='ltr'>illorum,</span> <span class='ocrx_word' id='word_1_23' title='bbox 1140 1120 1380 1238; x_wconf 89' lang='lat' dir='ltr'>retroque</span> <span class='ocrx_word' id='word_1_24' title='bbox 1405 1087 1606 1234; x_wconf 69' lang='lat' dir='ltr'>putari?</span> 
     </span>
     <span class='ocr_line' id='line_1_5' title="bbox 395 1271 1760 1410; baseline 0.002 -36"><span class='ocrx_word' id='word_1_25' title='bbox 395 1271 619 1374; x_wconf 76' lang='lat' dir='ltr'>Alternis</span> <span class='ocrx_word' id='word_1_26' title='bbox 644 1271 928 1408; x_wconf 88' lang='lat' dir='ltr'>gignuntur</span> <span class='ocrx_word' id='word_1_27' title='bbox 946 1273 1097 1401; x_wconf 88' lang='lat' dir='ltr'>enim,</span> <span class='ocrx_word' id='word_1_28' title='bbox 1125 1293 1427 1410; x_wconf 84' lang='lat' dir='ltr'>mutantque</span> <span class='ocrx_word' id='word_1_29' title='bbox 1451 1273 1687 1393; x_wconf 82' lang='lat' dir='ltr'>colorem,</span> <span class='ocrx_word' id='word_1_30' title='bbox 1757 1371 1760 1377; x_wconf 84' lang='lat'>.</span> 
     </span>
     <span class='ocr_line' id='line_1_6' title="bbox 399 1445 1685 1584; baseline 0.003 -37"><span class='ocrx_word' id='word_1_31' title='bbox 399 1445 468 1547; x_wconf 88' lang='lat' dir='ltr'>Et</span> <span class='ocrx_word' id='word_1_32' title='bbox 490 1469 648 1546; x_wconf 88' lang='lat' dir='ltr'>totam</span> <span class='ocrx_word' id='word_1_33' title='bbox 675 1446 807 1545; x_wconf 83' lang='lat' dir='ltr'>inter</span> <span class='ocrx_word' id='word_1_34' title='bbox 833 1483 884 1546; x_wconf 92' lang='lat' dir='ltr'>sc</span> <span class='ocrx_word' id='word_1_35' title='bbox 909 1468 1159 1566; x_wconf 84' lang='lat' dir='ltr'>naturam,</span> <span class='ocrx_word' id='word_1_36' title='bbox 1186 1467 1415 1584; x_wconf 87' lang='lat' dir='ltr'>tempore</span> <span class='ocrx_word' id='word_1_37' title='bbox 1441 1445 1505 1547; x_wconf 90' lang='lat' dir='ltr'>ab</span> <span class='ocrx_word' id='word_1_38' title='bbox 1531 1449 1685 1553; x_wconf 86' lang='lat' dir='ltr'>omni.</span> 
     </span>
     <span class='ocr_line' id='line_1_7' title="bbox 399 1620 1522 1759; baseline -0.002 -38"><span class='ocrx_word' id='word_1_39' title='bbox 399 1621 487 1723; x_wconf 87' lang='lat' dir='ltr'>Sin</span> <span class='ocrx_word' id='word_1_40' title='bbox 515 1623 585 1722; x_wconf 83' lang='lat' dir='ltr'>ita</span> <span class='ocrx_word' id='word_1_41' title='bbox 610 1620 739 1721; x_wconf 84' lang='lat' dir='ltr'>forte</span> <span class='ocrx_word' id='word_1_42' title='bbox 758 1644 909 1759; x_wconf 90' lang='lat' dir='ltr'>putas</span> <span class='ocrx_word' id='word_1_43' title='bbox 936 1621 1083 1758; x_wconf 87' lang='lat' dir='ltr'>ignis,</span> <span class='ocrx_word' id='word_1_44' title='bbox 1110 1642 1363 1759; x_wconf 87' lang='lat' dir='ltr'>terraeque</span> <span class='ocrx_word' id='word_1_45' title='bbox 1389 1620 1522 1736; x_wconf 83' lang='lat' dir='ltr'>coire</span> 
     </span>
     <span class='ocr_line' id='line_1_8' title="bbox 328 1776 1657 1935; baseline -0.002 -39"><span class='ocrx_word' id='word_1_46' title='bbox 328 1776 338 1784; x_wconf 85' lang='lat'><em>.</em></span> <span class='ocrx_word' id='word_1_47' title='bbox 400 1793 617 1935; x_wconf 86' lang='lat' dir='ltr'>Corpus,</span> <span class='ocrx_word' id='word_1_48' title='bbox 642 1819 696 1895; x_wconf 88' lang='lat' dir='ltr'>et</span> <span class='ocrx_word' id='word_1_49' title='bbox 713 1797 872 1895; x_wconf 72' lang='lat' dir='ltr'>aerias</span> <span class='ocrx_word' id='word_1_50' title='bbox 898 1833 1060 1914; x_wconf 85' lang='lat' dir='ltr'>auras,</span> <span class='ocrx_word' id='word_1_51' title='bbox 1087 1831 1354 1933; x_wconf 89' lang='lat' dir='ltr'>roremque</span> <span class='ocrx_word' id='word_1_52' title='bbox 1379 1794 1657 1934; x_wconf 82' lang='lat' dir='ltr'>liquorum,</span> 
     </span>
     <span class='ocr_line' id='line_1_9' title="bbox 399 1944 1758 2093; baseline -0.005 -18"><span class='ocrx_word' id='word_1_53' title='bbox 399 1970 492 2075; x_wconf 80' lang='lat' dir='ltr'>Ni!</span> <span class='ocrx_word' id='word_1_54' title='bbox 517 1973 570 2072; x_wconf 92' lang='lat' dir='ltr'>in</span> <span class='ocrx_word' id='word_1_55' title='bbox 598 1973 809 2073; x_wconf 89' lang='lat' dir='ltr'>concilio</span> <span class='ocrx_word' id='word_1_56' title='bbox 837 1992 1068 2070; x_wconf 90' lang='lat' dir='ltr'>naturam</span> <span class='ocrx_word' id='word_1_57' title='bbox 1097 1991 1155 2068; x_wconf 92' lang='lat' dir='ltr'>ut</span> <span class='ocrx_word' id='word_1_58' title='bbox 1180 1956 1563 2093; x_wconf 70' lang='lat' dir='ltr'>muteteorum3</span> <span class='ocrx_word' id='word_1_59' title='bbox 1754 1944 1758 1952; x_wconf 34' lang='lat'><strong>¹</strong></span> 
     </span>
     <span class='ocr_line' id='line_1_10' title="bbox 399 2143 1560 2281; baseline -0.003 -34"><span class='ocrx_word' id='word_1_60' title='bbox 399 2143 562 2248; x_wconf 82' lang='lat' dir='ltr'>Nulla</span> <span class='ocrx_word' id='word_1_61' title='bbox 585 2143 681 2246; x_wconf 89' lang='lat' dir='ltr'>tihi</span> <span class='ocrx_word' id='word_1_62' title='bbox 707 2185 771 2244; x_wconf 88' lang='lat' dir='ltr'>ex</span> <span class='ocrx_word' id='word_1_63' title='bbox 796 2145 895 2245; x_wconf 83' lang='lat' dir='ltr'>iilis</span> <span class='ocrx_word' id='word_1_64' title='bbox 920 2143 1107 2281; x_wconf 87' lang='lat' dir='ltr'>poterit</span> <span class='ocrx_word' id='word_1_65' title='bbox 1132 2180 1210 2243; x_wconf 88' lang='lat' dir='ltr'>res</span> <span class='ocrx_word' id='word_1_66' title='bbox 1229 2181 1334 2245; x_wconf 88' lang='lat' dir='ltr'>esse</span> <span class='ocrx_word' id='word_1_67' title='bbox 1360 2163 1560 2265; x_wconf 88' lang='lat' dir='ltr'>creata,</span> 
     </span>
     <span class='ocr_line' id='line_1_11' title="bbox 396 2315 2021 2455; baseline -0.002 -32"><span class='ocrx_word' id='word_1_68' title='bbox 396 2318 452 2423; x_wconf 92' lang='lat' dir='ltr'>N</span> <span class='ocrx_word' id='word_1_69' title='bbox 456 2359 522 2429; x_wconf 89' lang='lat' dir='ltr'>on</span> <span class='ocrx_word' id='word_1_70' title='bbox 546 2321 790 2441; x_wconf 87' lang='lat' dir='ltr'>animans,</span> <span class='ocrx_word' id='word_1_71' title='bbox 818 2356 920 2420; x_wconf 90' lang='lat' dir='ltr'>non</span> <span class='ocrx_word' id='word_1_72' title='bbox 945 2315 1331 2454; x_wconf 86' lang='lat' dir='ltr'>exanimoquid</span> <span class='ocrx_word' id='word_1_73' title='bbox 1357 2354 1583 2455; x_wconf 89' lang='lat' dir='ltr'>corpore,</span> <span class='ocrx_word' id='word_1_74' title='bbox 1603 2333 1663 2418; x_wconf 88' lang='lat' dir='ltr'>ut</span> <span class='ocrx_word' id='word_1_75' title='bbox 1686 2316 1864 2420; x_wconf 86' lang='lat' dir='ltr'>arbos:</span> <span class='ocrx_word' id='word_1_76' title='bbox 2016 2368 2021 2375; x_wconf 91' lang='lat'><em>·</em></span> 
     </span>
     <span class='ocr_line' id='line_1_12' title="bbox 397 2488 1846 2633; baseline -0.002 -38"><span class='ocrx_word' id='word_1_77' title='bbox 397 2492 608 2633; x_wconf 84' lang='lat' dir='ltr'>Quippe</span> <span class='ocrx_word' id='word_1_78' title='bbox 634 2532 775 2596; x_wconf 91' lang='lat' dir='ltr'>suam</span> <span class='ocrx_word' id='word_1_79' title='bbox 801 2491 1032 2632; x_wconf 89' lang='lat' dir='ltr'>quidque</span> <span class='ocrx_word' id='word_1_80' title='bbox 1052 2491 1103 2590; x_wconf 88' lang='lat' dir='ltr'>iu</span> <span class='ocrx_word' id='word_1_81' title='bbox 1130 2512 1261 2591; x_wconf 89' lang='lat' dir='ltr'>coetu</span> <span class='ocrx_word' id='word_1_82' title='bbox 1286 2491 1524 2593; x_wconf 85' lang='lat' dir='ltr'>variantis</span> <span class='ocrx_word' id='word_1_83' title='bbox 1549 2492 1711 2593; x_wconf 85' lang='lat' dir='ltr'>acervi</span> <span class='ocrx_word' id='word_1_84' title='bbox 1761 2488 1764 2493; x_wconf 36' lang='lat'><strong>⁹</strong></span> <span class='ocrx_word' id='word_1_85' title='bbox 1843 2534 1846 2539; x_wconf 87' lang='lat'>·</span> 
     </span>
     <span class='ocr_line' id='line_1_13' title="bbox 401 2664 1620 2808; baseline -0.002 -37"><span class='ocrx_word' id='word_1_86' title='bbox 401 2668 654 2771; x_wconf 84' lang='lat' dir='ltr'>Naturam</span> <span class='ocrx_word' id='word_1_87' title='bbox 682 2666 930 2786; x_wconf 90' lang='lat' dir='ltr'>ostendet,</span> <span class='ocrx_word' id='word_1_88' title='bbox 951 2666 1232 2804; x_wconf 86' lang='lat' dir='ltr'>mistusque</span> <span class='ocrx_word' id='word_1_89' title='bbox 1257 2664 1514 2808; x_wconf 86' lang='lat' dir='ltr'>videbitur</span> <span class='ocrx_word' id='word_1_90' title='bbox 1532 2669 1620 2769; x_wconf 75' lang='lat' dir='ltr'>aiir</span> 
     </span>
     <span class='ocr_line' id='line_1_14' title="bbox 403 2839 1780 2980; baseline 0 -34"><span class='ocrx_word' id='word_1_91' title='bbox 403 2843 535 2948; x_wconf 90' lang='lat' dir='ltr'>Cum</span> <span class='ocrx_word' id='word_1_92' title='bbox 561 2868 696 2947; x_wconf 86' lang='lat' dir='ltr'>terra</span> <span class='ocrx_word' id='word_1_93' title='bbox 721 2840 887 2963; x_wconf 82' lang='lat' dir='ltr'>simul,</span> <span class='ocrx_word' id='word_1_94' title='bbox 915 2864 1069 2980; x_wconf 88' lang='lat' dir='ltr'>atque</span> <span class='ocrx_word' id='word_1_95' title='bbox 1095 2839 1245 2940; x_wconf 90' lang='lat' dir='ltr'>ardor</span> <span class='ocrx_word' id='word_1_96' title='bbox 1268 2880 1383 2945; x_wconf 90' lang='lat' dir='ltr'>cum</span> <span class='ocrx_word' id='word_1_97' title='bbox 1409 2879 1523 2942; x_wconf 89' lang='lat' dir='ltr'>rore</span> <span class='ocrx_word' id='word_1_98' title='bbox 1545 2878 1780 2946; x_wconf 75' lang='lat' dir='ltr'>manere:</span> 
     </span>
     <span class='ocr_line' id='line_1_15' title="bbox 399 3014 1561 3157; baseline -0.001 -38"><span class='ocrx_word' id='word_1_99' title='bbox 399 3019 471 3119; x_wconf 88' lang='lat' dir='ltr'>At</span> <span class='ocrx_word' id='word_1_100' title='bbox 495 3017 773 3157; x_wconf 90' lang='lat' dir='ltr'>primordia</span> <span class='ocrx_word' id='word_1_101' title='bbox 798 3014 1076 3155; x_wconf 85' lang='lat' dir='ltr'>gignundis</span> <span class='ocrx_word' id='word_1_102' title='bbox 1102 3017 1154 3115; x_wconf 92' lang='lat' dir='ltr'>in</span> <span class='ocrx_word' id='word_1_103' title='bbox 1182 3014 1333 3116; x_wconf 84' lang='lat' dir='ltr'>rebus</span> <span class='ocrx_word' id='word_1_104' title='bbox 1358 3039 1561 3156; x_wconf 81' lang='lat' dir='ltr'>oportet</span> 
     </span>
     <span class='ocr_line' id='line_1_16' title="bbox 367 3178 1664 3327; baseline -0.009 -24"><span class='ocrx_word' id='word_1_105' title='bbox 367 3178 372 3192; x_wconf 82' lang='lat'>.</span> <span class='ocrx_word' id='word_1_106' title='bbox 402 3189 655 3315; x_wconf 85' lang='lat' dir='ltr'>Naturam</span> <span class='ocrx_word' id='word_1_107' title='bbox 683 3190 1065 3309; x_wconf 86' lang='lat' dir='ltr'>clandestinam,</span> <span class='ocrx_word' id='word_1_108' title='bbox 1091 3226 1378 3327; x_wconf 85' lang='lat' dir='ltr'>caecamque</span> <span class='ocrx_word' id='word_1_109' title='bbox 1404 3187 1664 3310; x_wconf 82' lang='lat' dir='ltr'>adhibere,</span> 
     </span>
     <span class='ocr_line' id='line_1_17' title="bbox 402 3348 1794 3507; baseline -0.003 -39"><span class='ocrx_word' id='word_1_110' title='bbox 402 3363 639 3482; x_wconf 89' lang='lat' dir='ltr'>Emincat</span> <span class='ocrx_word' id='word_1_111' title='bbox 662 3406 726 3472; x_wconf 91' lang='lat' dir='ltr'>ne</span> <span class='ocrx_word' id='word_1_112' title='bbox 753 3348 896 3507; x_wconf 86' lang='lat' dir='ltr'>quid,</span> <span class='ocrx_word' id='word_1_113' title='bbox 925 3364 1062 3506; x_wconf 91' lang='lat' dir='ltr'>quod</span> <span class='ocrx_word' id='word_1_114' title='bbox 1092 3387 1269 3466; x_wconf 88' lang='lat' dir='ltr'>contra</span> <span class='ocrx_word' id='word_1_115' title='bbox 1291 3387 1505 3505; x_wconf 85' lang='lat' dir='ltr'>pugnet,</span> <span class='ocrx_word' id='word_1_116' title='bbox 1533 3387 1585 3466; x_wconf 90' lang='lat' dir='ltr'>et</span> <span class='ocrx_word' id='word_1_117' title='bbox 1609 3364 1794 3485; x_wconf 87' lang='lat' dir='ltr'>obstet,</span> 
     </span>
     <span class='ocr_line' id='line_1_18' title="bbox 401 3508 1889 3680; baseline -0.001 -36"><span class='ocrx_word' id='word_1_118' title='bbox 401 3539 522 3676; x_wconf 86' lang='lat' dir='ltr'>Quo</span> <span class='ocrx_word' id='word_1_119' title='bbox 547 3542 719 3642; x_wconf 87' lang='lat' dir='ltr'>minus</span> <span class='ocrx_word' id='word_1_120' title='bbox 738 3508 844 3658; x_wconf 88' lang='lat' dir='ltr'>essc</span> <span class='ocrx_word' id='word_1_121' title='bbox 871 3560 1028 3679; x_wconf 86' lang='lat' dir='ltr'>queat</span> <span class='ocrx_word' id='word_1_122' title='bbox 1051 3539 1255 3677; x_wconf 87' lang='lat' dir='ltr'>proprie</span> <span class='ocrx_word' id='word_1_123' title='bbox 1283 3539 1630 3680; x_wconf 88' lang='lat' dir='ltr'>quodcunque</span> <span class='ocrx_word' id='word_1_124' title='bbox 1654 3561 1889 3647; x_wconf 59' lang='lat' dir='ltr'>creatur,</span> 
     </span>
    </p>

    <p class='ocr_par' dir='ltr' id='par_1_3' title="bbox 399 3711 1914 4889">
     <span class='ocr_line' id='line_1_19' title="bbox 472 3711 1914 3855; baseline -0.006 -33"><span class='ocrx_word' id='word_1_125' title='bbox 472 3713 611 3839; x_wconf 86' lang='lat' dir='ltr'>Quin</span> <span class='ocrx_word' id='word_1_126' title='bbox 639 3717 791 3819; x_wconf 88' lang='lat' dir='ltr'>etiam</span> <span class='ocrx_word' id='word_1_127' title='bbox 814 3735 1057 3854; x_wconf 85' lang='lat' dir='ltr'>repetunt</span> <span class='ocrx_word' id='word_1_128' title='bbox 1079 3751 1110 3834; x_wconf 88' lang='lat' dir='ltr'>a</span> <span class='ocrx_word' id='word_1_129' title='bbox 1134 3711 1276 3842; x_wconf 90' lang='lat' dir='ltr'>coelo,</span> <span class='ocrx_word' id='word_1_130' title='bbox 1303 3737 1459 3855; x_wconf 89' lang='lat' dir='ltr'>atquc</span> <span class='ocrx_word' id='word_1_131' title='bbox 1481 3713 1687 3854; x_wconf 86' lang='lat' dir='ltr'>ignibus</span> <span class='ocrx_word' id='word_1_132' title='bbox 1711 3713 1840 3855; x_wconf 86' lang='lat' dir='ltr'>ejus,</span> <span class='ocrx_word' id='word_1_133' title='bbox 1909 3748 1914 3753; x_wconf 85' lang='lat'>·</span> 
     </span>
     <span class='ocr_line' id='line_1_20' title="bbox 402 3889 1677 4031; baseline -0.004 -37"><span class='ocrx_word' id='word_1_134' title='bbox 402 3889 472 3994; x_wconf 89' lang='lat' dir='ltr'>Et</span> <span class='ocrx_word' id='word_1_135' title='bbox 495 3895 717 4031; x_wconf 90' lang='lat' dir='ltr'>primum</span> <span class='ocrx_word' id='word_1_136' title='bbox 742 3890 938 4019; x_wconf 86' lang='lat' dir='ltr'>faciunt</span> <span class='ocrx_word' id='word_1_137' title='bbox 960 3891 1132 4027; x_wconf 89' lang='lat' dir='ltr'>ignem</span> <span class='ocrx_word' id='word_1_138' title='bbox 1157 3911 1427 4024; x_wconf 69' lang='lat' dir='ltr'>serenare</span> <span class='ocrx_word' id='word_1_139' title='bbox 1451 3890 1506 3994; x_wconf 92' lang='lat' dir='ltr'>in</span> <span class='ocrx_word' id='word_1_140' title='bbox 1531 3925 1677 3990; x_wconf 89' lang='lat' dir='ltr'>auras</span> 
     </span>
     <span class='ocr_line' id='line_1_21' title="bbox 399 4060 1672 4208; baseline 0.002 -42"><span class='ocrx_word' id='word_1_141' title='bbox 399 4065 578 4173; x_wconf 66' lang='lat' dir='ltr'>Aeris:</span> <span class='ocrx_word' id='word_1_142' title='bbox 617 4060 975 4204; x_wconf 88' lang='lat' dir='ltr'>hincimbrem</span> <span class='ocrx_word' id='word_1_143' title='bbox 1001 4064 1163 4201; x_wconf 87' lang='lat' dir='ltr'>gigni,</span> <span class='ocrx_word' id='word_1_144' title='bbox 1192 4086 1486 4208; x_wconf 87' lang='lat' dir='ltr'>terramque</span> <span class='ocrx_word' id='word_1_145' title='bbox 1512 4067 1672 4171; x_wconf 85' lang='lat' dir='ltr'>creari</span> 
     </span>
     <span class='ocr_line' id='line_1_22' title="bbox 402 4215 1736 4379; baseline 0.002 -38"><span class='ocrx_word' id='word_1_146' title='bbox 402 4237 485 4341; x_wconf 87' lang='lat' dir='ltr'>Ex</span> <span class='ocrx_word' id='word_1_147' title='bbox 510 4237 679 4360; x_wconf 86' lang='lat' dir='ltr'>imbri„</span> <span class='ocrx_word' id='word_1_148' title='bbox 704 4260 947 4379; x_wconf 85' lang='lat' dir='ltr'>retroque</span> <span class='ocrx_word' id='word_1_149' title='bbox 972 4275 1004 4340; x_wconf 93' lang='lat' dir='ltr'>a</span> <span class='ocrx_word' id='word_1_150' title='bbox 1027 4215 1163 4340; x_wconf 87' lang='lat' dir='ltr'>terra</span> <span class='ocrx_word' id='word_1_151' title='bbox 1185 4262 1370 4343; x_wconf 86' lang='lat' dir='ltr'>cuncta</span> <span class='ocrx_word' id='word_1_152' title='bbox 1395 4242 1597 4364; x_wconf 85' lang='lat' dir='ltr'>reverti,</span> <span class='ocrx_word' id='word_1_153' title='bbox 1733 4359 1736 4367; x_wconf 20' lang='lat'><strong>¹</strong></span> 
     </span>
     <span class='ocr_line' id='line_1_23' title="bbox 404 4411 1736 4556; baseline 0.004 -40"><span class='ocrx_word' id='word_1_154' title='bbox 404 4411 688 4529; x_wconf 87' lang='lat' dir='ltr'>Humorem</span> <span class='ocrx_word' id='word_1_155' title='bbox 712 4414 951 4552; x_wconf 90' lang='lat' dir='ltr'>primum,</span> <span class='ocrx_word' id='word_1_156' title='bbox 977 4439 1095 4556; x_wconf 87' lang='lat' dir='ltr'>post</span> <span class='ocrx_word' id='word_1_157' title='bbox 1119 4420 1250 4547; x_wconf 62' lang='lat' dir='ltr'>adra,</span> <span class='ocrx_word' id='word_1_158' title='bbox 1279 4416 1466 4521; x_wconf 86' lang='lat' dir='ltr'>deinde</span> <span class='ocrx_word' id='word_1_159' title='bbox 1489 4418 1736 4521; x_wconf 83' lang='lat' dir='ltr'>calorem:</span> 
     </span>
     <span class='ocr_line' id='line_1_24' title="bbox 406 4586 1543 4715; baseline 0.004 -24"><span class='ocrx_word' id='word_1_160' title='bbox 406 4586 521 4693; x_wconf 89' lang='lat' dir='ltr'>Nec</span> <span class='ocrx_word' id='word_1_161' title='bbox 547 4627 738 4691; x_wconf 86' lang='lat' dir='ltr'>cessare</span> <span class='ocrx_word' id='word_1_162' title='bbox 765 4588 874 4693; x_wconf 90' lang='lat' dir='ltr'>haec</span> <span class='ocrx_word' id='word_1_163' title='bbox 896 4593 1033 4695; x_wconf 82' lang='lat' dir='ltr'>inter</span> <span class='ocrx_word' id='word_1_164' title='bbox 1056 4632 1108 4694; x_wconf 90' lang='lat' dir='ltr'>se</span> <span class='ocrx_word' id='word_1_165' title='bbox 1133 4614 1347 4715; x_wconf 88' lang='lat' dir='ltr'>mutare,</span> <span class='ocrx_word' id='word_1_166' title='bbox 1374 4630 1543 4695; x_wconf 85' lang='lat' dir='ltr'>meare</span> 
     </span>
     <span class='ocr_line' id='line_1_25' title="bbox 406 4744 1727 4889; baseline 0.008 -21"><span class='ocrx_word' id='word_1_167' title='bbox 406 4763 488 4868; x_wconf 86' lang='lat' dir='ltr'>De</span> <span class='ocrx_word' id='word_1_168' title='bbox 513 4767 637 4869; x_wconf 90' lang='lat' dir='ltr'>coelo</span> <span class='ocrx_word' id='word_1_169' title='bbox 661 4767 729 4870; x_wconf 89' lang='lat' dir='ltr'>ad</span> <span class='ocrx_word' id='word_1_170' title='bbox 753 4790 957 4889; x_wconf 83' lang='lat' dir='ltr'>terram,</span> <span class='ocrx_word' id='word_1_171' title='bbox 985 4768 1049 4871; x_wconf 90' lang='lat' dir='ltr'>de</span> <span class='ocrx_word' id='word_1_172' title='bbox 1075 4790 1213 4875; x_wconf 86' lang='lat' dir='ltr'>terra</span> <span class='ocrx_word' id='word_1_173' title='bbox 1238 4766 1300 4868; x_wconf 88' lang='lat' dir='ltr'>ad</span> <span class='ocrx_word' id='word_1_174' title='bbox 1330 4744 1495 4871; x_wconf 89' lang='lat' dir='ltr'>sidera</span> <span class='ocrx_word' id='word_1_175' title='bbox 1518 4771 1727 4878; x_wconf 87' lang='lat' dir='ltr'>muudi:</span> 
     </span>
    </p>

    <p class='ocr_par' dir='ltr' id='par_1_4' title="bbox 256 4940 1893 5257">
     <span class='ocr_line' id='line_1_26' title="bbox 310 4940 1759 5087; baseline 0.006 -41"><span class='ocrx_word' id='word_1_176' title='bbox 310 5064 316 5076; x_wconf 27' lang='grc' dir='ltr'>Ι</span> <span class='ocrx_word' id='word_1_177' title='bbox 375 4958 379 4965; x_wconf 80' lang='grc'><strong>’</strong></span> <span class='ocrx_word' id='word_1_178' title='bbox 404 4941 558 5068; x_wconf 79' lang='lat' dir='ltr'>Quod</span> <span class='ocrx_word' id='word_1_179' title='bbox 586 4943 749 5047; x_wconf 85' lang='lat' dir='ltr'>facere</span> <span class='ocrx_word' id='word_1_180' title='bbox 774 4941 911 5047; x_wconf 88' lang='lat' dir='ltr'>haud</span> <span class='ocrx_word' id='word_1_181' title='bbox 938 4943 1046 5049; x_wconf 87' lang='lat' dir='ltr'>ullo</span> <span class='ocrx_word' id='word_1_182' title='bbox 1071 4940 1265 5048; x_wconf 87' lang='lat' dir='ltr'>debent</span> <span class='ocrx_word' id='word_1_183' title='bbox 1290 4940 1570 5083; x_wconf 88' lang='lat' dir='ltr'>primordia</span> <span class='ocrx_word' id='word_1_184' title='bbox 1591 4969 1759 5087; x_wconf 88' lang='lat' dir='ltr'>pacto.</span> 
     </span>
     <span class='ocr_line' id='line_1_27' title="bbox 256 5116 1893 5257; baseline 0.005 -36"><span class='ocrx_word' id='word_1_185' title='bbox 256 5164 258 5168; x_wconf 46' lang='lat'><strong><em>⁴</em></strong></span> <span class='ocrx_word' id='word_1_186' title='bbox 404 5116 729 5224; x_wconf 87' lang='lat' dir='ltr'>Immutabile</span> <span class='ocrx_word' id='word_1_187' title='bbox 755 5120 890 5224; x_wconf 87' lang='lat' dir='ltr'>enim</span> <span class='ocrx_word' id='word_1_188' title='bbox 916 5117 1164 5257; x_wconf 87' lang='lat' dir='ltr'>quiddam</span> <span class='ocrx_word' id='word_1_189' title='bbox 1189 5152 1436 5257; x_wconf 87' lang='lat' dir='ltr'>superare</span> <span class='ocrx_word' id='word_1_190' title='bbox 1461 5155 1665 5230; x_wconf 84' lang='lat' dir='ltr'>necesse</span> <span class='ocrx_word' id='word_1_191' title='bbox 1688 5147 1781 5250; x_wconf 89' lang='lat' dir='ltr'>est,</span> <span class='ocrx_word' id='word_1_192' title='bbox 1889 5120 1893 5177; x_wconf 73' lang='lat'><strong>²</strong></span> 
     </span>
    </p>
   </div>
   <div class='ocr_carea' id='block_1_3' title="bbox 1159 5304 1177 5346">
    <p class='ocr_par' dir='ltr' id='par_1_5' title="bbox 1159 5304 1177 5346">
     <span class='ocr_line' id='line_1_28' title="bbox 1159 5304 1177 5346; baseline 0 0"><span class='ocrx_word' id='word_1_193' title='bbox 1159 5304 1177 5346; x_wconf 75' lang='grc'>1</span> 
     </span>
    </p>
   </div>
   <div class='ocr_carea' id='block_1_4' title="bbox 0 0 2310 6112">
    <p class='ocr_par' dir='ltr' id='par_1_6' title="bbox 0 0 2310 6112">
     <span class='ocr_line' id='line_1_29' title="bbox 0 0 2310 6112; baseline 0 0"><span class='ocrx_word' id='word_1_194' title='bbox 0 0 2310 6112; x_wconf 95' lang='lat' dir='ltr'> </span> 
     </span>
    </p>
   </div>
  </div>
 </body>
</html>
