4598 6112
774 586 780 599 ,
843 452 1127 606 maun
1175 514 1535 607 paruus.
1682 516 1692 537 ·
1863 501 1925 597 13

441 760 596 865 Haud
624 763 783 899 igitur
807 760 941 861 redit
964 762 1029 862 ad
1055 761 1272 864 nihilum
1298 802 1376 864 res
1402 764 1524 884 ulla,
1551 762 1639 862 sed
1664 799 1840 864 omnes

403 926 406 937 ⁵
440 935 669 1050 Discidio
694 937 912 1037 redeunt
934 937 988 1036 in
1014 975 1225 1075 corpora
1249 937 1490 1075 materiai.

509 1108 771 1212 Postremo
797 1131 1016 1247 pereunt
1039 1109 1241 1228 imbres,
1269 1110 1359 1211 ubi
1385 1148 1468 1209 eos
1493 1132 1640 1247 pater
1663 1105 1849 1210 AEther

348 1386 350 1391 ,
440 1284 502 1387 In
526 1287 778 1424 gremium
804 1284 976 1388 matris
999 1280 1176 1426 Terrai
1201 1284 1553 1421 praecipitavit.

438 1460 510 1561 At
533 1459 709 1559 nitidae
736 1481 955 1596 surgunt
978 1458 1167 1596 fruges,
1192 1459 1423 1596 ramique
1449 1460 1703 1560 virescunt

396 1708 412 1737 .
436 1631 743 1756 Arboribus3
769 1655 1001 1733 creseunt
1025 1634 1173 1769 ipsae,
1192 1631 1422 1770 foetuque
1448 1655 1746 1769 gravantur:

442 1805 579 1908 Hine
604 1809 758 1908 alitur
781 1832 937 1944 porro
960 1828 1193 1906 nostrum
1213 1845 1396 1944 genus,
1419 1828 1574 1945 atque
1601 1806 1845 1908 ferarum:
1965 1830 1968 1834 “
2025 1864 2031 1871 -

441 1979 579 2083 Hine
602 1982 744 2123 laetas
770 1978 948 2081 urbeis
959 1982 1132 2118 pueris
1146 1983 1337 2081 ¹florere
1361 1981 1612 2102 videmus,

440 2152 876 2291 Frondiferasque
896 2156 1037 2255 novis
1063 2153 1245 2256 avibus
1259 2193 1442 2255 oanere
1467 2155 1698 2295 undique
1724 2157 1907 2297 sylvas.

442 2328 579 2431 Hinc
603 2330 748 2473 fessae
772 2327 994 2466 pecudes
1019 2328 1237 2464 pingues
1256 2364 1349 2464 per
1366 2327 1557 2465 pabula
1581 2330 1699 2430 laeta

442 2500 677 2642 Corpora
698 2503 999 2641 deponunt;
1037 2524 1089 2602 et
1107 2500 1326 2602 candens
1350 2501 1540 2604 lacteus
1566 2502 1751 2606 humor

438 2676 705 2783 Uberibus
726 2700 898 2779 manat
923 2676 1152 2777 distentis
1161 2716 1175 2800 ;
1213 2674 1331 2776 hinc
1356 2715 1486 2777 nova
1510 2679 1689 2817 proles

386 2928 389 2935 -
438 2855 674 2959 Artubus
695 2854 910 2955 infirmis
934 2875 1131 2952 teneras
1155 2852 1338 2952 lasciva
1362 2886 1455 2989 per
1474 2848 1657 2953 herbas

350 3110 357 3123 r
439 3027 617 3168 Ludit,
639 3029 768 3128 lacte
793 3065 933 3127 mero
958 3026 1169 3137 menteis
1187 3062 1424 3162 pereussa
1441 3027 1677 3128 novellas,

441 3202 597 3304 Haud
622 3203 782 3339 igitur
804 3202 1009 3338 penitus
1034 3221 1253 3339 pereunt
1278 3237 1601 3339 quaecunque
1625 3202 1901 3307 videntur:

441 3353 663 3499 Quaado
689 3376 787 3476 alid
816 3377 1004 3477 ex‘alio
1029 3376 1192 3476 reficit
1216 3397 1413 3494 natura,
1438 3413 1531 3474 neo
1556 3376 1715 3476 ullam

440 3552 569 3656 Rem
588 3554 733 3691 gigni
758 3553 970 3690 patitur,
995 3551 1091 3649 nisi
1113 3571 1278 3648 morte
1297 3542 1524 3685 adjutam
1549 3547 1728 3650 aliena.
1798 3622 1801 3626 -

511 3723 670 3826 Nune
694 3762 806 3862 age,
831 3761 911 3824 res
937 3724 1178 3862 quoniam
1204 3721 1354 3821 docui
1375 3759 1479 3821 non
1504 3759 1651 3862 posse
1676 3725 1859 3861 creari
1975 3804 1977 3809 ι

439 3901 522 4003 De
543 3898 724 4019 nihilo,
751 3936 921 4039 neque
946 3897 1067 3998 item
1093 3897 1288 4035 genitas
1314 3895 1378 3995 ad
1403 3895 1481 3994 nil
1502 3897 1753 4032 revocari;

440 4075 526 4180 Ne
547 4110 651 4214 qua
673 4071 805 4191 forte
830 4093 1002 4172 tamen
1015 4094 1213 4208 ooeptes
1239 4071 1475 4171 diffidere
1493 4071 1660 4194 dietis,

440 4248 597 4372 Quod
622 4267 891 4386 nequeunt*⁸
910 4245 1074 4345 oculis
1092 4283 1263 4345 rerum
1281 4245 1561 4383 primordia
1583 4249 1752 4372 oerni;

435 4423 626 4559 Aoeipe
651 4441 1059 4558 praetereaque}
1086 4457 1297 4558 corpora
1319 4441 1429 4521 tuae
1454 4460 1655 4524 necesse
1672 4444 1755 4524 est

381 4580 390 4597 ⁹
442 4596 728 4700 Confiteare
753 4631 858 4694 esse
884 4595 938 4707 in
963 4577 1132 4715 rebus,
1158 4632 1251 4695 neo
1276 4631 1423 4732 posse
1447 4596 1624 4700 videri.
1656 4727 1658 4731 y

508 4767 784 4905 Principio,
809 4752 1303 4901 ventivisverherat
1327 4771 1483 4873 incita
1504 4794 1741 4908 pontum,

439 4946 805 5085 Ingenteisque
828 4922 933 5047 ruia
956 4943 1141 5062 naveis,
1170 4964 1221 5041 et
1243 4941 1422 5044 nubila
1446 4942 1618 5045 differt
1626 4987 1640 5070 ;

438 5118 706 5225 Interdum
731 5117 913 5261 rapido
935 5153 1238 5260 percurrens
1262 5115 1467 5223 turbiue
1493 5156 1703 5262 campos
