4598 6112
463 483 532 574 ao
823 428 881 573 r.
949 486 1338 629 nucnuru
1403 488 1600 580 cunr

369 736 373 741 ’
535 741 788 842 Praeterea
811 742 938 845 nihil
964 768 1054 864 est,
1076 749 1215 885 quod
1238 749 1397 889 possis
1423 748 1588 848 dicere
1613 747 1678 884 ab
1702 751 1838 849 omni

322 902 329 911 ’
469 919 691 1057 Corpore
719 906 1017 1057 sejunctum,
1046 948 1394 1061 secretumque
1414 959 1519 1021 esse
1545 920 1609 1022 ab
1635 923 1802 1022 inani:
1850 908 1860 920 ’

467 1093 621 1215 Quod
643 1095 954 1232 quasi-tertia
974 1096 1036 1195 sit
1062 1134 1270 1197 numero
1289 1119 1470 1197 natura
1494 1117 1708 1233 reperta.

467 1267 603 1369 Nam
633 1268 976 1407 quodcunque
1002 1271 1111 1390 erit,
1132 1309 1237 1371 esse
1256 1271 1447 1412 aliquid
1467 1267 1674 1369 debebit
1692 1267 1744 1370 id
1761 1264 1926 1407 ipsum
2018 1325 2024 1337 ·
2090 1362 2093 1367 .

466 1442 824 1586 Augminevel
851 1443 1048 1580 grandi,
1074 1446 1154 1545 vel
1179 1483 1332 1581 parvo
1359 1444 1597 1584 denique,
1624 1443 1749 1544 dum
1775 1445 1839 1543 sit
1854 1482 1868 1565 3

360 1613 369 1624 ’
470 1612 607 1734 Quoi
633 1616 672 1713 si
698 1637 860 1715 tactus
885 1617 981 1715 erit
1003 1619 1231 1756 quamvis
1254 1619 1395 1737 levis,
1422 1619 1759 1757 exiguusque,
1896 1660 1899 1667 ’

470 1788 753 1926 Corporum
776 1789 988 1927 augebit
1011 1831 1293 1913 numerum,
1316 1829 1667 1932 summamque
1683 1814 1947 1932 sequetur3

393 2022 399 2030 ·
470 1962 559 2062 Sin
586 1964 809 2063 intactile
829 1966 939 2083 erit,
967 1965 1106 2065 nulla
1125 1966 1187 2064 de
1212 1989 1355 2103 parte
1382 1966 1521 2106 quod
1548 1968 1705 2067 ullam

470 2137 599 2240 Rem
626 2136 895 2275 probibere
915 2162 1068 2278 queat
1092 2177 1184 2277 per
1202 2178 1253 2239 se
1271 2142 1483 2241 transire
1509 2167 1776 2266 meantem,

469 2315 675 2419 Scilicet
686 2312 795 2433 ,boc
814 2314 866 2413 id
893 2315 989 2414 e'rit
1009 2351 1238 2432 vacuum,
1262 2314 1397 2452 quod
1428 2316 1576 2416 inane
1599 2357 1852 2425 vocamus.
1880 2397 1883 2403 -

538 2490 809 2610 Praeterea,
835 2527 928 2628 per
953 2529 1004 2591 se
1029 2490 1372 2631 quodcunque
1388 2492 1498 2610 erit,
1526 2516 1613 2592 aut
1629 2493 1781 2597 faciet
1806 2497 1947 2636 quid,

467 2663 577 2766 Aut
600 2665 708 2764 aliis
727 2664 872 2803 fungi
898 2663 1105 2764 debebit
1127 2663 1395 2802 agentibus
1419 2667 1602 2803 ipsum,

468 2840 577 2942 Aut
601 2841 722 2961 erit,
739 2862 798 2940 ut
822 2840 1016 2976 possint
1031 2841 1084 2938 in
1110 2877 1169 2937 eo
1194 2875 1273 2938 res
1298 2875 1419 2953 esse,
1445 2841 1686 2982 gerique:

468 3012 541 3115 At
564 3010 727 3114 facere
752 3034 804 3112 et
827 3011 973 3148 fungi
999 3012 1104 3111 sine
1129 3049 1337 3150 corpore
1363 3015 1503 3114 nulla
1526 3037 1693 3152 potest
1716 3056 1828 3143 res3

470 3181 586 3286 Nec
611 3184 839 3324 praebere
864 3186 1028 3285 locum
1055 3220 1222 3322 porr0,
1249 3189 1344 3288 nisi
1372 3189 1519 3287 inane
1542 3225 1861 3330 vacansque:

325 3372 329 3381 '
474 3355 616 3497 Ergo
640 3383 826 3498 praeter
850 3359 1016 3481 inane,
1042 3383 1094 3459 et
1111 3397 1335 3497 corpora,
1361 3362 1510 3461 tertia
1528 3398 1622 3499 per
1640 3399 1691 3464 se

474 3532 637 3636 Nulla
665 3558 830 3672 potest
855 3572 1024 3634 rerum
1053 3536 1106 3633 in
1134 3572 1350 3635 numero·
1374 3558 1554 3635 natura
1581 3539 1833 3680 relinqui3

475 3710 588 3815 Nec
620 3745 737 3854 quae·
767 3710 861 3812 sub
891 3746 1062 3811 sensus
1092 3707 1239 3809 eadat
1263 3710 1368 3809 ullo
1396 3732 1624 3846 tempore
1653 3738 1863 3839 nostros,

475 3886 530 3994 N
535 3929 591 3991 ec
620 3889 812 3989 ratione
841 3885 992 3986 animi
1023 3920 1175 4022 quam
1211 3885 1481 4022 quisquam
1508 3884 1670 4021 possit
1698 3890 1868 4025 apisci.

546 4065 683 4167 Nam
705 4096 1025 4204 quaecunque
1044 4060 1231 4179 cluent,
1262 4080 1350 4159 aut
1367 4055 1445 4159 his
1470 4058 1739 4196 conjuncta
1757 4064 1955 4173 duabus

478 4238 652 4342 Rebus
685 4276 744 4336 ea
768 4235 1019 4359 invenies3
1057 4255 1146 4334 aut
1172 4232 1352 4335 borum
1382 4256 1561 4336 eventa
1587 4235 1796 4341 videbis,

481 4388 822 4550 Conjunctum
847 4431 923 4508 est
952 4409 1023 4527 id,
1060 4406 1200 4546 quod
1233 4445 1493 4545 nunquam
1526 4408 1631 4507 sine
1655 4415 1915 4548 perniciali
2011 4439 2015 4447 '

479 4584 709 4690 Discidio
736 4582 869 4721 potis
898 4603 973 4681 est
1001 4580 1216 4719 sejungi,
1246 4617 1401 4720 seque
1431 4585 1664 4720 gregari3

479 4756 687 4860 Pondus
715 4756 791 4856 uti
819 4754 965 4874 saxis,
997 4756 1131 4856 calor
1156 4754 1379 4892 ignibus,
1405 4758 1576 4895 liquor
1601 4770 1773 4901 aquai,
1833 4801 1855 4841 ³
1894 4837 1895 4840 κ

478 4931 666 5035 Tactus
691 4929 984 5070 corporibus
1013 4931 1222 5051 cunctis,
1251 4932 1469 5030 intactus
1498 4931 1651 5035 inani.

485 5108 755 5210 Servitium
784 5129 973 5229 contra,
1005 5104 1227 5223 libertas,
1266 5103 1576 5245 diuumque,
