4598 6112
424 574 549 676 2501
749 579 1310 675 Turnebus-11
1373 576 1589 673 CARI

424 831 661 954 Ducitur,
688 838 869 940 exierit
895 841 1055 943 donec
1081 837 1374 978 regionibus
1400 842 1565 943 arctis.
1739 905 1742 910 ·
1887 862 1892 870 '

493 1009 609 1113 Hoc
633 1016 782 1114 etiam
810 987 958 1154 pacto
982 1018 1178 1118 tonitru
1201 1052 1447 1117 concussa
1469 1015 1733 1153 videntur

424 1181 613 1288 Omnia
638 1169 773 1327 saepe
799 1193 939 1330 gravi
963 1215 1196 1309 tremere,
1213 1210 1277 1287 et
1300 1187 1491 1288 divolsa
1514 1210 1724 1326 repente

422 1357 651 1462 Maxima
676 1362 947 1466 dissiluisse
971 1364 1170 1501 capacis
1187 1363 1376 1462 moenia
1391 1362 1598 1497 mundi,

421 1533 594 1657 Quom
620 1538 787 1640 subito
810 1538 963 1638 validi
989 1539 1127 1640 venti
1152 1535 1377 1636 conlecta
1400 1535 1622 1672 procella

418 1707 662 1811 Nubibus
687 1713 888 1813 intorsit
913 1750 1034 1832 sese,
1060 1711 1399 1848 conclusaque
1423 1709 1614 1811 ibidem

282 1862 286 1865 ’
414 1880 642 1985 Turbine
665 1888 885 1988 versanti
908 1888 1071 2026 magis
1095 1901 1156 1986 ac
1179 1885 1339 2022 magis
1365 1884 1597 2023 undiquc
1621 1883 1815 1988 nubem
1881 1934 1885 1939 ·

417 2054 585 2196 Cogit,
612 2061 687 2160 uti
712 2061 802 2161 fiat
825 2062 1130 2199 spissooava
1154 2100 1364 2201 corpore
1390 2063 1595 2166 circum.

414 2228 651 2334 Postnbi
675 2236 945 2345 commovit
967 2237 1042 2337 vis
1066 2237 1205 2373 ejus‚‘
1220 2260 1272 2336 et
1295 2238 1524 2374 impetus.
1541 2273 1671 2356 acer,

411 2400 543 2507 Tum
569 2408 937 2546 perterricrepo
963 2409 1130 2511 sonitu
1155 2410 1246 2510 dat
1261 2413 1420 2512 'missa
1444 2410 1726 2548 fragorem:
1879 2444 1884 2463 ··

414 2574 755 2702 Neomirum,
782 2584 940 2722 quom
964 2585 1119 2722 plena
1142 2585 1323 2685 animae
1348 2586 1574 2687 vesicula·
1592 2621 1753 2722 parva>
1812 2638 1816 2680 ;

411 2751 561 2893 Saepo
584 2756 657 2856 ita
681 2755 769 2856 dat
791 2758 982 2895 pariter
1003 2759 1225 2859 ¹sonitum
1252 2757 1473 2896 displosa
1497 2771 1725 2896 repente.

404 3055 408 3064 ι
479 2931 575 3035 Est
596 2936 748 3035 ctiam
774 2938 917 3057 ratio,
945 2974 1102 3076 quom
1128 2936 1267 3039 venti
1291 2931 1469 3034 nubila
1492 2933 1729 3071 perflant,
1886 2948 1889 2955 ’
1923 3068 1926 3071 ἡ

410 3107 518 3211 Cur
541 3110 734 3210 sonitus
759 3108 976 3213 faciant:
1014 3113 1201 3211 etenim
1227 3146 1424 3210 ramosa
1444 3106 1689 3209 videmus.
1720 3143 1726 3152 ’
1874 3130 1878 3135 ’

409 3279 460 3384 N
465 3282 608 3384 ubila
627 3320 767 3421 saepe
791 3285 953 3385 modis
978 3285 1167 3406 multis,
1188 3308 1344 3422 atque
1371 3320 1550 3419 aspera
1570 3281 1720 3384 ferri:

407 3455 610 3559 Scilicet
629 3458 693 3558 ¹ut
716 3457 943 3560 crebram
969 3458 1159 3600 sylvam
1186 3496 1345 3598 quom
1369 3457 1575 3603 flamina
1601 3454 1758 3560 Cauri

404 3629 647 3752 Perflant,
674 3631 801 3733 dant
824 3635 1045 3734 sonitum
1070 3632 1292 3752 frondes,
1319 3633 1548 3768 ramique
1572 3629 1841 3763 fragorem.
1878 3702 1885 3733 .

405 3806 488 3909 Fit
512 3807 737 3946 quoque,
763 3829 823 3908 ut
848 3805 1105 3908 interdurn
1128 3805 1284 3909 validi
1306 3809 1383 3907 vis
1406 3805 1561 3915 incita
1583 3806 1722 3906 venti
1754 3846 1759 3855 ·

403 3979 911 4083 Pcrscindatnobem
937 3981 1259 4121 perfringens
1282 3983 1470 4119 impete
1493 3990 1663 4084 netto:

404 4152 540 4260 Nam
567 4157 695 4298 quid
720 4157 880 4295 possit
901 4157 973 4258 ibi
999 4159 1168 4277 flatus,
1194 4154 1463 4259 manifesta
1485 4154 1635 4257 docet
1658 4193 1767 4280 res;
1878 4172 1883 4184 '

326 4310 327 4313 Ν
401 4329 519 4451 Htc,
545 4328 638 4431 ubi
662 4331 823 4432 lenior
846 4355 939 4453 est,
964 4332 1016 4433 in
1042 4344 1180 4433 terra
1203 4368 1364 4471 quom
1382 4352 1551 4432 tamen
1570 4332 1682 4432 alta

400 4506 633 4613 Arbusta·
643 4507 879 4608 evolvens
902 4506 1162 4636 radicibus
1179 4505 1358 4606 haurit-
1374 4504 1441 4606 ab
1465 4507 1594 4609 imis.

468 4678 602 4782 Sunt
625 4682 776 4782 otiam
800 4681 988 4782 fluctus
1010 4704 1114 4820 per·
1128 4677 1437 4817 nubilas-qui
1456 4679 1606 4819 ¹quasi
1630 4700 1865 4787 murmur

400 4854 543 4965 Dant
565 4854 1172 4996 infringendo-gravinen
1185 4942 1190 4950 .
1205 4854 1345 4996 quod
1371 4857 1494 4956 item
1517 4855 1577 4958 fit
1598 4855 1654 4957 in
1677 4855 1792 4958 a'ltis
1858 4894 1878 4953 ·,

398 5031 738 5153 Fluminibus·
760 5070 1050 5172 magnoque
1065 5034 1223 5158 'marij
1247 5070 1403 5173 quom
1427 5029 1681 5169 frangitur
1705 5051 1849 5133 aestu.
1873 5038 1880 5057 '

468 5206 550 5310 Fit
569 5242 796 5348 quoque,
812 5207 905 5315 ubi
923 5245 953 5310 e
971 5207 1108 5341 nube
1121 5210 1179 5311 ⁴in
1200 5206 1390 5329 nubem
1408 5207 1482 5311 vis
1499 5206 1679 5309 incidit
1698 5205 1881 5310 ardens
2007 5263 2010 5268 ·
