4598 6112
452 500 552 594 150
816 501 878 588 '1¹0'
928 498 1365 594 LUCRETII
1431 498 1646 591 CARI

452 761 539 863 Sol
565 760 714 860 etiam
743 781 913 879 caecat,
942 783 1118 861 contra
1142 761 1182 861 si
1207 758 1419 862 tendere
1445 796 1658 898 pergas3

451 933 744 1074 Propterea,
774 936 895 1073 quia
920 936 994 1034 vis
1019 957 1306 1074 magnaest
1331 935 1507 1072 ipsius,
1535 956 1588 1034 et
1613 934 1712 1033 alte

452 1111 589 1211 Aera
612 1148 706 1247 per
730 1147 918 1247 purum
945 1108 1166 1246 graviter
1191 1077 1457 1208 simulacra
1481 1109 1733 1227 feruntur,

455 1283 525 1384 Et
550 1283 742 1384 feriunt
766 1285 937 1384 oculos
962 1281 1222 1382 turbantia
1246 1283 1624 1419 composituras

455 1455 725 1576 Praeterea,
754 1457 1009 1595 splendor,
1036 1458 1333 1595 quicunque
1360 1480 1436 1556 est
1462 1495 1591 1577 acer,
1607 1456 1791 1556 adurit

445 1629 606 1767 ‚Saepe
631 1630 819 1748 oculos,
847 1629 964 1729 ideo
991 1630 1133 1769 qu'od
1162 1633 1356 1730 semina
1380 1632 1607 1769 possidet
1628 1633 1764 1770 ignis

456 1802 643 1922 Multa,
671 1803 898 1904 dolorem
923 1803 1082 1902 oculis
1112 1841 1228 1941 quae
1255 1805 1475 1941 gignunt
1501 1806 1822 1909 insinuando

527 1972 720 2076 Lurida
745 2001 994 2122 praeterea
1020 1980 1153 2080 fiunt
1179 2017 1503 2118 quaecunque
1530 2002 1740 2081 tuentur

421 2124 427 2137 Ι
457 2151 695 2291 Arquati,
724 2155 847 2291 quia
871 2153 1053 2254 luroris
1080 2154 1143 2253 de
1168 2193 1377 2292 corpore
1404 2193 1579 2255 eorum
1750 2185 1753 2192 '

461 2323 666 2426 Semina
691 2326 851 2427 multa
876 2330 1048 2429 fluunt
1074 2329 1352 2428 simulacris
1377 2326 1526 2430 obvia
1551 2367 1752 2452 rerum;

460 2502 735 2644 Multaque
761 2528 881 2606 sunt
904 2504 1063 2606 oculis
1088 2506 1140 2604 in
1168 2542 1344 2604 eorum
1370 2503 1591 2641 denique
1618 2504 1781 2623 mista,

460 2676 595 2797 Quae
621 2701 834 2816 contage
862 2718 953 2779 sua
976 2675 1256 2815 palloribus
1281 2650 1451 2777 omnia
1475 2679 1716 2816 pingunt.

507 2850 575 2953 'E
599 2850 823 2952 tenebris
849 2876 1018 2953 autem
1046 2889 1164 2989 quae
1192 2853 1385 2951 suntin
1414 2836 1527 2952 lnce
1553 2875 1773 2972 tuemur,

459 3024 754 3164 Propterea,
783 3028 904 3166 quia
930 3066 1044 3128 cum
1071 3030 1282 3164 propior
1306 3029 1534 3167 caliginis
1560 3029 1647 3126 aiir

377 3187 382 3194 ⁹
465 3201 595 3301 Ater
619 3203 713 3302 init
735 3201 912 3302 oculos
937 3202 1093 3338 prior,
1120 3222 1172 3298 et
1195 3200 1420 3338 possedit
1446 3223 1662 3336 apertos
1750 3259 1756 3272 ·

459 3375 757 3515 Insequitur
782 3376 1001 3476 candens
1028 3373 1291 3474 confestim
1316 3374 1515 3475 lucidus
1541 3381 1643 3497 aer,

462 3549 567 3670 Qui
596 3550 739 3690 quasi
767 3573 956 3689 purgat
980 3589 1080 3670 eos,
1108 3589 1164 3650 ac
1192 3550 1362 3685 nigras
1388 3549 1596 3653 discutit
1622 3552 1826 3657 umbras

460 3726 608 3826 Aeris
634 3726 800 3849 illius3
844 3764 962 3825 nam
987 3724 1159 3825 multis
1185 3722 1414 3862 partibus
1439 3722 1521 3826 hic
1542 3749 1618 3826 est

465 3898 723 4020 Mobilior,
752 3901 1027 4039 multisque
1053 3900 1312 4020 minutior,
1339 3923 1390 4000 et
1415 3939 1561 4039 mage
1586 3904 1801 4039 pollens,

464 4070 569 4192 Qui
596 4074 746 4173 simul
771 4096 927 4212 atque
951 4074 1056 4175 vias
1081 4074 1341 4174 oculorum
1367 4075 1481 4176 luce
1508 4077 1737 4212 replevit,

463 4247 637 4386 Atque
663 4247 923 4384 patefecit,
947 4256 1075 4388 quas
1100 4273 1217 4352 ante
1242 4251 1511 4354 obsederat
1535 4275 1658 4372 ater,

466 4416 725 4520 Continuo
748 4457 921 4522 rerum
947 4424 1214 4525 simulacra
1238 4428 1482 4566 adaperta
1506 4450 1793 4564 sequuntur

468 4590 602 4711 Quae
628 4592 723 4692 sita
747 4617 867 4694 sunt
889 4596 942 4694 in
968 4597 1098 4717 luce,
1124 4599 1494 4738 lacessuntque,
1522 4625 1581 4703 ut
1604 4603 1881 4707 videamus.

469 4764 624 4886 Quod
650 4767 1012 4877 contrafacere
1036 4774 1090 4873 in
1116 4772 1338 4875 tenebris
1364 4813 1394 4875 a
1416 4777 1529 4876 luce
1556 4777 1842 4916 nequimus,

469 4937 762 5076 Propterea,
790 4943 914 5082 quia
934 4949 1184 5084 posterior
1207 4950 1435 5089 caliginis
1461 4954 1548 5051 aer

475 5110 701 5213 Crassior
724 5117 1030 5258 insequitur,
1051 5126 1144 5265 qui
1166 5140 1353 5229 cuncta
1374 5128 1621 5231 foramina
1645 5129 1882 5269 complet,
