4598 6112
757 487 1028 647 nisan
1089 555 1433 650 sexsus
1501 585 1505 594 ·
1752 554 1905 673 nme·

447 804 601 912 Nilus
626 810 680 913 in
706 837 930 916 aestatem
956 816 1148 937 crescit,
1177 818 1471 966 campisque
1498 820 1753 926 redundat

375 978 571 1086 Unicus
596 987 645 1085 in
674 989 820 1089 terris
845 989 1065 1128 AEg'ypti
1090 994 1244 1095 totius
1270 983 1445 1100 amnis.

257 1155 260 1170 '
376 1153 426 1258 Is
452 1159 585 1298 rigat
607 1162 897 1304 AEgyptum
923 1168 1145 1268 medium
1172 1206 1266 1307 per
1291 1207 1426 1309 saepe
1451 1174 1682 1297 calorem,

374 1333 482 1435 Ant
509 1337 630 1474 quia
655 1362 775 1440 sunt
800 1362 971 1442 aestate
997 1342 1260 1479 aquilones
1287 1345 1414 1445 ostia
1439 1369 1614 1448 contra
1698 1376 1700 1379 ’

372 1504 510 1609 Anni
537 1533 766 1651 tempore
792 1554 870 1635 eo,
898 1553 1000 1654 quo
1027 1513 1201 1618 Etesia
1224 1518 1388 1621 flabra
1412 1520 1677 1625 feruntur:

374 1678 444 1782 Et
471 1709 645 1786 contra
668 1691 882 1792 fluvium
906 1693 1090 1792 flantes
1114 1718 1448 1817 remorantur,
1475 1719 1527 1797 et
1552 1698 1714 1800 undas
1858 1782 1865 1791 .

376 1853 629 1996 Cogentes
654 1900 827 1965 sursus
853 1863 1069 2002 replent,
1097 1893 1393 2009 coguntque
1419 1844 1640 1974 manere.

376 2029 512 2134 Nam
542 2037 572 2136 d
582 2037 699 2139 nbio
724 2044 903 2180 procul
929 2038 1039 2143 haec
1065 2042 1275 2146 adverso
1299 2043 1462 2146 flabra
1485 2045 1724 2148 feruntur

374 2209 625 2336 Flumine,
654 2255 772 2355 quae
797 2220 982 2358 gelidis
1008 2260 1038 2322 a
1062 2221 1221 2322 stellis
1246 2221 1353 2321 axis
1380 2244 1633 2359 aguntur:

374 2384 469 2489 Ille
494 2429 557 2490 ex
584 2394 801 2496 aestifera
824 2399 959 2534 parti
983 2400 1123 2499 venit
1146 2395 1307 2496 amnis
1333 2395 1397 2495 ab
1423 2419 1594 2497 austro

374 2561 517 2666 Inter
541 2568 689 2707 nigra
714 2572 892 2696 virum,
919 2595 1256 2711 percoctaque
1283 2571 1431 2671 saecla
1454 2573 1636 2693 calore,

374 2738 625 2844 Exoriens
650 2746 854 2883 penitus
880 2746 1051 2847 media
1076 2745 1139 2847 ab
1165 2745 1373 2883 regione
1402 2744 1518 2848 diei.

408 2901 412 2913 Ι
446 2917 539 3019 Est
564 2957 789 3057 quoque,
810 2923 886 3022 uti
911 2922 1071 3059 possit
1096 2959 1313 3059 magnus
1337 2944 1607 3058 congestus
1635 2960 1801 3026 arenae

375 3088 638 3193 Fluctibus
664 3094 883 3195 adversis
908 3096 1138 3234 oppilare
1160 3093 1290 3215 ,ostia
1315 3115 1506 3232 contra,

375 3265 544 3386 Quom
574 3306 711 3369 mare
735 3292 1024 3406 permotum
1048 3267 1211 3371 ventis
1237 3269 1343 3369 ruit
1369 3269 1503 3369 intus
1529 3306 1750 3371 arenam.
1844 3244 1850 3252 ⁸

364 3442 495 3564 -Qno
521 3445 581 3544 fit
606 3444 679 3545 uti
705 3466 855 3581 pacto
881 3443 1012 3545 liber
1036 3445 1203 3544 minus
1230 3446 1397 3545 exitus
1423 3446 1577 3563 amni,

373 3615 442 3718 Et
467 3616 720 3755 proclivus
747 3617 866 3716 item
892 3617 984 3718 fiat
1008 3619 1175 3718 minus
1201 3619 1420 3756 impetus
1448 3619 1612 3719 undis.

444 3792 526 3893 Fit
552 3831 776 3933 qnoque,
797 3793 874 3894 uti
894 3794 1083 3932 pluviae
1109 3793 1275 3895 forsan
1303 3796 1464 3932 magis
1490 3793 1552 3892 ad
1581 3816 1736 3930 caput
1760 3795 1868 3934 ejus

370 3966 623 4107 Tempore
649 4007 708 4067 eo
733 3968 874 4089 fiant,
903 4007 1006 4108 quo
1033 3966 1206 4071 Etesia
1228 3969 1392 4071 flabra
1417 3968 1714 4107 aquilonum

373 4141 571 4245 Nubila
596 4142 873 4280 conjiciunt
897 4144 950 4243 in
976 4180 1059 4243 eas
1075 4167 1208 4248 tunc
1234 4143 1403 4246 omnia
1427 4141 1643 4280 parteis:

373 4318 574 4420 Scilicet
599 4319 662 4418 ad
690 4318 908 4418 mediam
933 4319 1193 4455 regionem
1219 4320 1380 4459 ejecta
1404 4316 1504 4416 diei

373 4492 542 4614 Quom
570 4514 928 4613 convenerunt,
956 4467 1033 4593 ibi
1054 4492 1119 4594 ad
1144 4495 1270 4595 altos
1295 4489 1519 4628 denique
1545 4492 1760 4591 monteis

373 4641 639 4769 Contrusae
665 4667 826 4769 nubes
852 4693 1120 4808 coguntur,
1145 4670 1301 4808 vique
1324 4686 1644 4805 premuntur.

441 4842 610 4945 Forsit
635 4866 687 4944 et
712 4840 1015 4981 AEthiopum
1042 4846 1246 4983 penitus
1272 4845 1335 4945 de
1362 4839 1619 4941 montibus
1646 4840 1760 4942 altis

373 5020 594 5144 Crescat,
622 5020 711 5121 ubi
736 5021 789 5120 in
814 5059 1017 5160 campos
1042 5021 1182 5122 albas
1208 5016 1514 5119 descendere
1540 5016 1776 5154 ningueis
1820 5058 1823 5065 ·

368 5194 609 5301 'l'abificis
633 5195 825 5338 subigit
848 5197 1002 5301 radiis
1027 5199 1100 5300 sol
1127 5195 1298 5298 omnia
1321 5193 1555 5295 lustrans.
1616 5302 1620 5308 ,

1093 5384 1110 5433 2
1121 5393 1139 5430 0
