4598 6112
549 692 553 697 ⁵
697 549 986 641 LIBER
1050 545 1475 641 QUARTUS.
1734 542 1832 647 139

338 814 647 916 Excierunt:
687 848 750 910 ne
775 808 904 909 forte
931 809 1120 908 animas
1149 806 1446 908 Acherunte
1471 834 1674 912 reamur
1788 824 1798 919 ,1
1828 829 1831 833 ’
1972 815 1982 834 ’

340 988 603 1128 Effugere,
632 1008 720 1087 aut
744 983 947 1100 umbras
971 985 1104 1083 inter
1128 982 1263 1084 vivos
1287 983 1523 1109 volitare3
1665 1069 1669 1077 .

342 1165 488 1268 Neve
513 1163 705 1302 aliquid
734 1161 894 1262 nostri
919 1178 1270 1298 postmortem
1295 1192 1441 1292 posse
1466 1158 1703 1297 relinqui,
1802 1246 1808 1258 .

343 1335 473 1440 Cum
502 1374 696 1475 corpus·
712 1337 860 1436 simul
887 1357 1043 1474 atque
1067 1332 1219 1434 animi
1246 1353 1427 1433 natura
1451 1357 1737 1472 perempta·
1776 1406 1787 1423 .

348 1511 403 1616 [n
432 1554 523 1615 sua
547 1514 819 1615 discessum
847 1509 1101 1612 dederunt
1126 1506 1405 1645 primordia
1429 1543 1666 1646 quaeque.
1725 1589 1728 1597 .

410 1687 542 1791 Dico
567 1689 742 1828 igitur,
768 1722 941 1786 rerum
967 1682 1174 1821 effigias,
1200 1681 1500 1820 tenueisque
1525 1683 1729 1822 figuras·

339 1859 539 1975 Mittier
563 1862 627 1962 ab
653 1861 804 1963 rebus
831 1894 1027 1960 summo
1053 1855 1116 1984 de
1142 1890 1351 1992 corpore
1376 1894 1578 1980 earum3
1740 1896 1746 1909 ·

340 2035 474 2158 Quae
501 2038 646 2174 quasi
672 2032 979 2151 membrana,
1005 2029 1086 2130 vel
1112 2053 1283 2131 cortex
1309 2032 1659 2133 nominitanda
1683 2056 1786 2162 est,¹

339 2210 509 2333 Quod·
520 2212 736 2348 speciem
767 2244 823 2311 ac
849 2206 1061 2308 formam
1088 2208 1299 2308 similem
1326 2209 1460 2347 gerit
1484 2209 1593 2347 ejus
1618 2211 1802 2350 imago,

339 2384 742 2523 Quoiuscunque
769 2386 906 2486 cluet
932 2385 994 2486 de
1020 2422 1228 2522 corpore
1253 2384 1363 2486 fusa
1388 2386 1575 2524 vagari
1602 2438 1606 2447 ·

255 2574 265 2595 ‘
380 2558 467 2660 ·ld
493 2561 612 2660 licet
636 2558 753 2660 hinc
780 2561 1010 2698 quamvis
1036 2556 1207 2658 hebeti
1233 2596 1534 2696 cognoscere
1561 2559 1742 2662 corde:
1789 2569 1794 2655 ἶ

335 2731 610 2873 Principi0,
640 2734 880 2872 quoniam
907 2733 1116 2833 mittunt
1140 2732 1193 2831 in
1219 2731 1371 2832 rebus
1397 2735 1593 2869 apertis.
1717 2747 1724 2826 .'

215 2892 218 2897 Α
337 2905 566 3045 Corpora
590 2924 668 3006 r'es
694 2907 887 3027 multae,
914 2907 1101 3043 partim
1128 2905 1311 3007 diffusa
1339 2907 1517 3025 solute,

335 3076 541 3181 Robora
566 3118 653 3234 seu
679 3080 877 3181 furnum
902 3056 1403 3221 mittuntpignesque
1428 3118 1696 3222 vaporem3
1793 3178 1798 3188 .
1829 3132 1835 3145 ·

335 3252 404 3354 Et
428 3255 612 3392 partim
640 3270 877 3354 contexta
902 3255 1078 3391 magis,
1106 3255 1478 3396 condensaque,
1505 3280 1566 3358 ut
1587 3260 1710 3361 olim

336 3432 467 3533 Cum
493 3454 686 3535 veteres
710 3451 912 3570 ponunt
935 3431 1131 3532 tunicas
1157 3454 1329 3534 aestate
1355 3434 1559 3557 cicadae,
1616 3499 1620 3507 ι

335 3605 404 3707 Et
427 3607 574 3707 vituli
600 3602 1057 3707 commembranas
1083 3606 1146 3708 de
1173 3645 1381 3744 corpore
1408 3616 1603 3712 summo

332 3780 617 3921 -Nascentes
643 3782 871 3902 mittunt,
898 3803 950 3881 et
974 3783 1092 3882 item
1120 3820 1234 3883 cum
1259 3780 1455 3883 lubrica
1479 3822 1684 3923 serpens

333 3955 494 4059 Exuit
517 3932 569 4056 in
596 3958 753 4094 spinis
777 3977 996 4078 vestem3
1033 3992 1150 4056 narn
1176 3991 1311 4093 saepe
1334 3956 1569 4059 videmus·

333 4131 545 4234 Illorum
571 4131 742 4268 spoliis
765 4133 961 4269 vepreis
984 4131 1311 4234 volitantibus
1337 4157 1525 4237 auctas.

334 4308 461 4410 Haec
488 4308 728 4447 quoniam
756 4306 904 4426 fiunt,
929 4307 1098 4406 tenuis
1124 4344 1331 4444 quoque
1357 4305 1511 4409 debet
1534 4310 1701 4450 imago

296 4555 299 4559 -
330 4481 414 4584 Ab
439 4481 593 4584 rebus
618 4482 749 4582 mitti
777 4517 973 4582 summo
1000 4480 1064 4581 de
1089 4518 1299 4618 corpore
1324 4519 1515 4587 earum.

332 4657 468 4759 Nam
496 4695 588 4757 cur
610 4656 699 4756 illa
723 4655 907 4756 cadant
931 4655 1108 4794 magis,
1136 4653 1201 4754 ab
1225 4654 1482 4795 rebusque
1504 4656 1757 4778 recedant,
1834 4704 1837 4709 ¹

173 4919 175 4925 ,
337 4830 508 4952 Quam
534 4870 653 4970 quae
677 4831 851 4931 tenuia
877 4853 1013 4950 sunt,
1040 4827 1268 4929 hiscendi
1293 4854 1370 4931 est
1392 4831 1534 4930 nulla
1556 4853 1794 4968 potestus.

328 5006 615 5107 Praesertim
643 5044 803 5143 quum
822 5006 925 5106 sint
947 5006 1001 5109 iu
1027 5003 1234 5104 summis
1259 5041 1472 5141 corpora
1493 5004 1647 5106 rebus
1694 5094 1696 5099 .
1769 5003 1775 5016 ’

331 5174 504 5285 Multa
528 5185 740 5304 minuta,
760 5182 862 5320 jaci
892 5218 1011 5319 quae
1030 5178 1228 5318 possint
1249 5176 1427 5280 ordine
1452 5177 1631 5298 eodem
1668 5234 1672 5266 s

1053 5367 1072 5408 Τ
1084 5360 1101 5408 2
