4598 6112
406 542 508 642 234
730 551 789 639 Τ.
857 547 1276 640 LUCRETII
1342 550 1553 642 CARI

407 809 499 927 Sit,
526 808 664 908 vario
691 829 828 905 motu
856 844 973 942 quae
1000 805 1215 907 candida
1241 805 1405 906 sidera
1428 831 1609 907 verset.

402 982 590 1084 Tentat
614 985 748 1083 enim
775 980 982 1082 dubiam
1010 1001 1226 1078 mentem
1254 979 1461 1079 rationis
1487 1001 1697 1118 egestas,

406 1151 718 1294 Ecquaenam
743 1153 898 1253 fuerit
923 1150 1099 1250 mundi
1126 1152 1359 1289 genitalis
1384 1153 1558 1290 origo:

405 1325 473 1427 Et
498 1330 662 1448 simul,
691 1367 866 1465 ecquae
894 1328 958 1426 sit
982 1326 1111 1444 finis,
1140 1324 1310 1464 quoad
1336 1327 1519 1426 moenia
1543 1326 1736 1445 mundi,

248 1488 252 1497 ¹
404 1499 473 1602 Et
496 1504 624 1603 tanti
651 1525 816 1602 motus
840 1500 979 1601 hunc
1004 1500 1198 1636 possint
1221 1497 1354 1597 ferre
1381 1499 1634 1602 laborem:

402 1675 485 1775 An
515 1676 755 1779 divinitus
782 1699 982 1776 aeterna.
997 1674 1182 1774 donata
1208 1671 1385 1793 salute,

403 1847 659 1988 Perpetuo
685 1852 879 1987 possint
904 1851 996 1950 aevi
1022 1847 1244 1948 labentia
1270 1870 1450 1968 tractu,

402 2020 644 2122 Immensi
668 2023 857 2123 validas
884 2024 978 2124 aevi
1004 2043 1323 2122 contemnere
1344 2025 1507 2126 vireis,

474 2194 742 2318 Praeterea,
772 2198 890 2335 quoi
918 2235 1017 2296 non
1047 2197 1242 2297 animus
1268 2196 1534 2299 formidine
1561 2200 1726 2302 divbm

405 2368 767 2470 Contrabiturl
807 2371 928 2509 quoi
956 2407 1056 2468 non
1083 2395 1365 2509 conrepunt
1388 2372 1615 2473 membra
1640 2413 1840 2512 pavore,

403 2542 652 2645 Fulminis
679 2542 906 2643 horribili
934 2522 1087 2681 quom
1114 2542 1268 2681 plaga
1291 2546 1482 2646 torrida
1505 2528 1657 2647 tellus

403 2717 703 2840 Contremit,
732 2741 784 2819 et
810 2755 1050 2856 maguum
1075 2741 1380 2852 percurrunt
1404 2757 1664 2820 murmura
1682 2723 1889 2822 coeluml

354 2994 357 3001 ,
402 2892 523 2994 Non
551 2895 730 3032 populi
756 2915 1036 3031 gentesque
1062 2893 1319 2990 tremunt?
1357 2929 1605 3029 regesque
1632 2891 1838 3031 superbi

404 3065 715 3206 Conripiunt
736 3060 905 3167 'divbm
932 3065 1148 3201 perculsi
1177 3061 1401 3165 membra
1426 3066 1620 3186 timore,

404 3242 490 3345 Ne
518 3243 656 3383 quod
685 3241 751 3342 ob
778 3241 1051 3340 admissum
1076 3237 1226 3359 foede,
1254 3240 1507 3342 dictumve
1534 3238 1751 3379 superbe
1780 3312 1783 3318 ι

397 3416 670 3524 Poenarum
696 3455 848 3556 grave
874 3416 939 3515 sit
964 3413 1185 3514 solvendi
1208 3435 1411 3552 tempus
1437 3415 1704 3517 adactum?

400 3592 610 3695 Summa
635 3595 783 3693 etiam
812 3629 964 3730 quom
992 3591 1065 3690 vis
1089 3589 1295 3689 violenti
1323 3627 1414 3726 per
1438 3628 1574 3692 mare
1599 3595 1736 3693 venti

399 3767 820 3908 lnduperatorem
847 3766 1014 3866 classis
1040 3801 1192 3900 super
1216 3801 1424 3902 aequora
1448 3767 1617 3885 verrit,

401 3944 533 4048 Cum
559 3943 737 4047 validis
765 3939 954 4078 pariter
977 3937 1263 4072 legionibus
1289 3960 1444 4077 atque
1469 3937 1781 4074 elephantis:

399 4117 454 4223 N
458 4160 521 4220 on
552 4120 715 4221 divbm
743 4152 916 4252 pacem
944 4113 1070 4212 votis
1097 4111 1233 4212 adit?
1272 4147 1329 4211 ac
1354 4146 1503 4248 prece
1530 4116 1713 4250 quaesit

397 4291 681 4428 Ventorum
707 4289 923 4429 pavidus
948 4325 1098 4426 paces
1123 4286 1416 4421 animasque
1437 4287 1712 4389 secundas?

399 4465 801 4609 Nequidquam:
843 4462 1081 4600 quoniam
1102 4459 1320 4560 violento
1346 4457 1549 4559 turbine
1574 4497 1709 4597 saepe

402 4639 690 4779 Conreptus
716 4633 875 4736 nihilo
901 4634 1062 4734 fertur
1087 4631 1252 4730 minus
1278 4631 1339 4731 ad
1367 4631 1495 4731 vada
1518 4632 1673 4735 lethi:

400 4813 710 4957 Usqueadeo
736 4848 814 4911 res
840 4807 1085 4910 humanas
1112 4807 1183 4908 vis
1208 4804 1380 4906 abdita
1406 4808 1639 4945 quaedam

402 4987 624 5110 Obterit,
652 5010 705 5089 et
727 4983 966 5124 pulchros
991 4983 1183 5101 fasceis
1212 5019 1467 5121 saevasque
1493 4986 1709 5086 secureis
1787 4996 1806 5008 ”

400 5162 717 5283 Proculcare,
746 5201 803 5266 ac
826 5158 1047 5265 ludibrio
1073 5156 1166 5259 sibi
1194 5154 1378 5257 habere
1403 5157 1618 5259 videtur.
