4598 6112
423 543 526 652 994
756 550 816 638 Τ.
883 538 1316 636 Ltcrtltrll
1381 542 1594 637 CARI

425 809 670 948 Corpora,
695 810 997 948 paupertate
1023 829 1076 904 et
1102 801 1278 902 morbo
1304 802 1477 904 dedita
1503 807 1670 907 morti.

423 982 687 1083 Exanimis
711 985 884 1120 pueris
909 1019 1063 1117 super
1087 979 1374 1077 exanimata
1400 1000 1670 1115 parentum

424 1156 652 1295 Corpora
677 1195 1048 1297 nonuunquam
1074 1191 1263 1291 posses,
1288 1175 1529 1292 rehoque
1550 1153 1724 1254 ridere

421 1330 698 1452 Manibus,
726 1356 777 1432 et
801 1332 1032 1470 patribus
1057 1352 1204 1430 natos
1230 1364 1386 1464 super
1409 1329 1561 1430 edere
1586 1331 1757 1429 vitam.

491 1506 609 1611 Nec
634 1512 899 1610 minimum
925 1511 1113 1646 partim
1139 1550 1205 1610 ex
1230 1512 1365 1646 agris
1389 1511 1598 1648 aegroris
1623 1513 1675 1610 in
1701 1507 1882 1609 urbem

421 1680 707 1801 Coutluxit,
731 1684 985 1820 languens
1011 1723 1168 1823 quem
1193 1685 1410 1783 eontulit
1437 1683 1774 1822 agricolarum

418 1851 602 1992 Copia,
628 1859 934 1956 umrenieus
959 1899 1025 1958 ex
1051 1859 1188 1958 omni
1217 1855 1450 1957 morbida
1474 1860 1625 1996 parti.

417 2026 609 2131 Omnia
626 2031 954 2169 mmplebant
973 2035 1084 2136 loca
1109 2056 1365 2176 tectaque,
1394 2074 1499 2174 quo
1523 2034 1685 2172 magis
1708 2050 1837 2133 aestu

416 2201 691 2306 sommus
717 2208 786 2305 ita
811 2212 1084 2308 acervatim
1109 2248 1244 2309 mors
1269 2207 1647 2310 adcumulahat.

412 2376 589 2482 Multa
615 2384 698 2482 siti
724 2376 980 2520 prostrata
1004 2386 1135 2483 riam
1165 2422 1275 2520 per,
1301 2421 1501 2521 proque
1525 2382 1700 2483 voluta

413 2553 647 2695 Corpora
673 2558 859 2656 silanos
883 2559 954 2657 ad
975 2598 1229 2698 aquarum
1255 2583 1411 2658 strata
1428 2556 1686 2696 jacebant,

408 2729 700 2832 Intemlusa
723 2735 894 2833 anima
921 2737 1077 2836 nimia
1101 2734 1168 2869 ab
1193 2734 1466 2834 dulcedine
1491 2743 1662 2871 aquai.

409 2906 691 3049 Multaque
718 2949 812 3047 per
835 2910 1019 3047 populi
1045 2912 1233 3047 passim
1259 2912 1369 3011 loca
1396 2934 1636 3047 prompta
1659 2912 1876 3051 tiasque

410 3081 686 3223 languida
711 3087 1011 3184 semianimo
1038 3108 1151 3185 tum
1177 3123 1388 3222 corpore
1414 3083 1642 3186 membra
1664 3086 1879 3208 rideres,

408 3257 640 3360 Horrida
664 3259 894 3397 paedore.
921 3281 975 3357 et
999 3262 1186 3395 pannis
1209 3285 1451 3397 cooperta
1477 3263 1643 3398 perire

409 3433 656 3572 Corporis
682 3436 905 3533 inluvie:
944 3434 1096 3570 pellis
1121 3471 1278 3569 super
1303 3434 1505 3534 ossibus
1532 3474 1649 3556 una,

405 3606 686 3712 l'loeribus
711 3611 856 3706 tetris
882 3646 1047 3744 prope
1064 3607 1192 3742 jam,
1219 3608 1462 3748 sordique
1489 3612 1705 3746 sepulta.

478 3762 672 3884 Omnia
697 3783 928 3922 denique
955 3803 1129 3879 sancta
1155 3781 1311 3880 debui
1338 3781 1554 3882 delubra
1578 3786 1799 3922 replerat

404 3960 730 4100 Corporibus
756 3998 892 4058 mors
919 3958 1187 4077 exanimis,
1214 3981 1528 4098 onerataque
1554 3963 1739 4098 passim

403 4136 609 4238 Cuncta
635 4132 973 4237 cadaveribus
998 4136 1259 4235 coelestum
1287 4138 1479 4274 templa
1504 4137 1810 4243 manebant:

401 4314 456 4416 H
465 4314 723 4454 ospitibus
747 4312 860 4410 loca
887 4348 1010 4448 quae
1036 4311 1353 4447 complerant
1379 4312 1695 4415 aedituentes.

400 4490 452 4594 ,Ν
466 4532 524 4591 ee
542 4494 651 4629 jam
682 4490 885 4625 relligio
906 4489 1098 4602 ditum,
1116 4525 1211 4586 nec
1232 4489 1444 4587 numina
1468 4492 1640 4626 magni

398 4667 806 4787 Pendebantur:
845 4665 985 4761 enim
1011 4698 1238 4796 praesens
1263 4662 1411 4763 dolor
1434 4660 1789 4799 exsuperabat.

479 4841 592 4943 Nec
619 4880 730 4941 mos
756 4840 842 4939 ille
868 4839 1152 4975 sepultorae
1178 4836 1473 4937 remanebat
1498 4840 1548 4937 in
1575 4837 1719 4957 urbe,
1872 4970 1879 4975 -

400 5020 480 5124 [t
508 5023 650 5157 prius
678 5017 761 5118 hic
790 5017 1015 5155 populus
1043 5051 1247 5151 semper
1273 5014 1537 5111 consuerat
1562 5008 1789 5116 humari:

398 5195 743 5300 Perturbatus
769 5196 908 5293 enim
934 5213 1073 5291 totus
1098 5186 1409 5327 trepidabat,
1437 5209 1490 5288 et
1513 5224 1644 5288 uuus
1700 5309 1713 5328 Ο
1866 5234 1876 5243 ·
