4620 6106
452 423 549 536 162
814 437 872 524 Τ.
925 432 1361 525 LUCRETII
1427 431 1641 525 CARI

519 690 677 794 Nunc
703 692 813 792 aliis
840 692 966 821 alius
993 731 1084 793 cur
1109 694 1172 792 sit
1197 689 1357 811 cibus,
1378 713 1438 792 ut
1460 690 1738 813 videamus
1844 760 1848 767 ·

450 866 767 1004 Expediam3
807 904 1042 1004 quareve,
1068 868 1178 979 aliis
1198 864 1339 1006 quod
1357 866 1500 965 triste
1528 887 1580 965 et
1604 903 1831 1015 amarum
1857 889 1950 997 est,

451 1037 564 1141 Hoc
589 1061 760 1138 tamen
785 1077 892 1162 esse
919 1040 1028 1140 aliis
1053 1041 1213 1178 possit
1233 1040 1497 1178 praedulce
1521 1039 1695 1142 videri.

448 1214 717 1355 Tantaque
744 1218 796 1315 iu
821 1214 900 1316 his
926 1215 1077 1318 rebus
1103 1217 1342 1328 distantia
1367 1212 1714 1354 differitasque
1735 1239 1832 1336 est,

449 1388 527 1492 Ut
550 1389 689 1528 quod
717 1388 806 1489 alls
832 1387 974 1508 cibus
999 1412 1075 1490 est
1101 1390 1210 1507 aliis
1235 1387 1346 1505 fuat
1371 1426 1484 1507 acre
1509 1427 1792 1494 venenum:

450 1562 547 1685 Est
573 1565 748 1701 itaque
774 1586 833 1686 ut
860 1601 1068 1700 serpens
1096 1563 1318 1665 hominis
1337 1584 1567 1664 contacta
1593 1564 1760 1677 salivis

450 1736 698 1876 Disperit,
726 1776 783 1837 ac
809 1775 915 1839 sese
942 1740 1230 1841 mandendo
1256 1739 1460 1855 conficit
1487 1737 1609 1874 ipsa.

520 1911 794 2031 Praeterea,
823 1910 968 2053 nobis
992 1934 1350 2030 veratrum-est
1374 1951 1486 2014 acre
1505 1950 1775 2032 venenum,

449 2087 521 2188 At
545 2087 708 2223 capris
735 2086 909 2223 adipes
936 2109 988 2186 et
1012 2084 1355 2188 coturnicibus
1381 2108 1550 2224 auget.

450 2258 528 2363 Ut
552 2260 739 2399 quibus
764 2261 816 2360 id
843 2260 934 2361 fiat
958 2259 1108 2361 rebus
1134 2299 1439 2398 cognoscere
1457 2261 1635 2397 possis,

451 2433 714 2574 Principio
740 2436 1026 2535 meminisse
1053 2436 1199 2541 decet
1224 2474 1343 2574 quae
1370 2435 1591 2535 diximus
1617 2459 1753 2557 ante,

452 2610 659 2713 Semina
685 2613 997 2712 multimodis
1023 2611 1077 2710 in
1101 2608 1253 2710 rebus
1278 2610 1425 2710 mista
1450 2610 1628 2710 teneri.

450 2784 609 2910 Porro
634 2824 807 2887 omnes
834 2822 1157 2923 quaecunque
1185 2783 1356 2885 cibum
1383 2787 1592 2922 capiunt
1618 2786 1936 2909 animantes

450 2955 527 3060 Ut
553 2980 673 3058 sunt
697 2959 963 3058 dissimiles
988 2957 1314 3078 extrinsecus
1343 2980 1396 3057 et
1419 2965 1700 3096 generatim

452 3130 659 3233 Extima
685 3133 1029 3259 membrorum
1057 3133 1437 3249 circumcaesura
1462 3160 1658 3237 coercet
1673 3179 1687 3260 3

453 3302 674 3406 Proinde
701 3329 754 3405 et
778 3304 1054 3406 seminibus
1080 3305 1285 3439 distant,
1310 3308 1609 3445 variantque
1629 3310 1810 3447 figura.

455 3477 660 3579 Semina
686 3518 842 3618 quom
868 3517 1020 3616 porro
1047 3478 1251 3600 distenti
1279 3479 1484 3581 differre
1512 3521 1712 3583 necesse
1738 3507 1814 3584 est

453 3651 744 3799 Intervalla,
771 3656 995 3792 uiasque,
1021 3639 1268 3754 foramina
1292 3693 1411 3793 quae
1435 3654 1779 3793 perhibemus,

455 3826 711 3930 Omnibus
736 3831 787 3928 in
816 3825 1070 3948 membris,
1095 3851 1148 3928 et
1173 3831 1224 3928 in
1251 3868 1336 3928 ore
1362 3829 1577 3967 ipsoque
1602 3826 1788 3967 palato

456 4000 580 4103 Esse
606 4006 801 4104 minora
826 4004 987 4142 igitur
1012 4008 1265 4144 quaedam,
1293 4007 1585 4144 majoraque
1606 4002 1813 4124 debent,

454 4175 581 4277 Esse
605 4179 857 4315 triquetra
880 4179 1006 4300 aliis,
1035 4181 1144 4281 aliis
1170 4181 1419 4319 quadrata
1444 4215 1644 4279 necesse
1671 4199 1765 4296 est,

455 4351 628 4454 Multa
653 4351 888 4472 rotunda,
916 4358 1077 4458 modis
1103 4360 1276 4459 multis
1302 4355 1622 4491 multangula
1648 4352 1903 4492 quaedam.

456 4526 700 4668 Namque
726 4527 1009 4663 figurarum
1034 4552 1095 4630 ut
1119 4532 1246 4630 ratio
1272 4551 1541 4666 motusque
1570 4547 1862 4663 reposcunt,

372 4727 380 4739 '
455 4701 678 4840 Proinde
703 4700 1034 4831 foraminibus
1061 4701 1251 4804 debent
1276 4703 1480 4804 differre
1504 4702 1716 4838 ligurae3

456 4877 526 4979 Et
548 4882 742 4981 variare
764 4881 860 4980 viae
885 4879 1098 5017 proinde
1125 4919 1181 4981 ac
1207 4900 1413 4979 textura
1430 4842 1648 4978 coercet.

456 5050 596 5193 Ergo
620 5053 709 5155 ubi
737 5053 889 5196 quod
904 5091 1055 5178 suave
1082 5076 1157 5174 est
1182 5032 1309 5172 aliisi
1336 5052 1445 5151 aliis
1470 5050 1530 5150 fit
1555 5085 1807 5170 amarum„
1935 5156 1941 5166 ‚
