4598 6112
554 454 624 555 6-4
777 436 787 442 ’
921 461 980 551 r.
1032 458 1468 552 sooner-11
1535 454 1751 548 cunr

554 721 654 823 Sed
682 720 845 858 magis
866 719 1122 858 angululis
1145 720 1379 857 paullum
1402 650 1770 856 prostantibus,
1797 734 1849 813 et
1871 751 1993 852 quse

554 894 784 996 Titillare
812 893 972 1030 magis
997 930 1185 1012 sensus,
1213 928 1367 1031 quam
1393 889 1580 991 laedere
1605 911 1852 1028 possunt3

554 1065 755 1168 Faecula
771 1065 879 1204 jam
907 1064 1100 1204 quode
1126 1105 1311 1203 genere
1330 1088 1422 1196 est,
1449 1065 1708 1202 inulaeque
1735 1101 1953 1202 sapores.
1999 1063 2002 1070 ’

553 1241 795 1380 Denique
814 1241 921 1378 jam
947 1239 1137 1341 calidos
1160 1243 1337 1380 igneis,
1365 1240 1691 1379 gelidamque
1717 1240 1973 1376 pruinam,
2115 1278 2120 1284 ·
2290 1242 2294 1247 ’

554 1410 801 1519 Dissimili
829 1413 1036 1515 dentata
1061 1415 1212 1519 modo
1237 1452 1580 1552 compungere
1606 1451 1782 1516 sensus
1898 1512 1903 1521 .

556 1589 812 1728 Corporis,
836 1588 1024 1690 indicio
1049 1587 1196 1710 nobis
1221 1610 1297 1688 est
1321 1610 1485 1690 tactus
1510 1613 1746 1728 uterque.

520 1874 527 1889 ‚
553 1764 742 1866 Tactus
767 1764 921 1882 enim,
946 1735 1110 1864 tactus
1135 1772 1255 1903 (pro
1281 1763 1451 1866 divum
1478 1765 1689 1866 numina
1715 1767 1907 1897 sancta)

555 1939 795 2080 Corporis
821 1962 897 2040 est
921 1977 1109 2058 sensus,
1136 1938 1214 2037 vel
1242 1976 1398 2076 quom
1425 1976 1505 2038 res
1529 1962 1703 2039 extera
1728 1975 1835 2039 sese

551 2115 800 2234 lucinum,
827 2114 908 2215 vel
934 2149 1092 2253 quom
1118 2110 1260 2211 laedit
1278 2148 1395 2250 quae
1420 2111 1472 2211 in
1499 2150 1708 2250 corpore
1735 2132 1854 2214 nata
1878 2134 1972 2234 est,

387 2350 390 2358 ·
550 2290 660 2392 Aut
677 2290 825 2426 juvat
848 2285 1114 2425 egrediens
1139 2284 1406 2422 genitaleis
1430 2323 1524 2423 per
1548 2285 1769 2389 Veneris
1790 2326 1898 2410 res3

550 2468 659 2566 Aut
684 2503 748 2564 ex
773 2460 970 2563 offensu
996 2498 1153 2599 quom
1178 2457 1389 2559 turbant
1413 2498 1622 2599 corpore
1649 2464 1836 2601 inipso

551 2639 773 2760 Semina,
800 2636 1222 2774 confunduntque
1248 2635 1381 2734 inter
1406 2674 1457 2736 se
1482 2639 1679 2740 concita
1704 2654 1935 2761 sensum3
2019 2659 2025 2671 '

548 2812 623 2920 Ut
648 2817 688 2916 si
713 2815 843 2915 sorte
868 2816 1024 2913 manu
1051 2811 1281 2950 quamvis
1296 2812 1404 2948 jam
1431 2814 1653 2951 corporis
1679 2813 1789 2951 ipse

547 2987 682 3091 Tute
706 2989 801 3090 tibi
827 3011 1024 3127 partem
1050 2985 1216 3106 ferias,
1242 3026 1389 3125 aeque
1417 2990 1697 3126 experiare.
1849 3010 1855 3021 ’

550 3136 881 3300 Quapropter
900 3163 1054 3300 ionga
1078 3160 1263 3262 formas
1289 3163 1476 3262 distare
1501 3201 1702 3264 necesse
1728 3187 1820 3283 est,

549 3336 833 3476 Principiis,
859 3338 1021 3438 varios
1048 3374 1167 3476 quae
1188 3338 1385 3474 possint
1409 3337 1558 3438 edere
1586 3374 1775 3440 sensus.

617 3512 877 3652 Denique,
906 3549 1024 3650 quae
1050 3507 1196 3609 nobis
1223 3508 1403 3610 durata
1427 3549 1486 3612 ac
1511 3513 1670 3649 spissa
1692 3514 1949 3634 videntur,

549 3688 674 3792 Haec
701 3689 860 3827 magis
886 3684 1099 3785 hamatis
1124 3686 1257 3784 inter
1282 3723 1386 3785 sese
1414 3724 1521 3790 esse
1545 3725 1745 3789 necesse
1772 3713 1865 3810 est,

548 3863 616 3965 Et
642 3866 786 4003 quasi
813 3861 1021 3962 ramosis
1039 3859 1146 3959 alte
1171 3868 1433 4004 compacta
1457 3865 1650 3997 teneri:

547 4032 606 4138 In
636 4076 739 4176 quo
756 4036 867 4174 jam
891 4037 1155 4175 genere'in
1184 4036 1359 4174 primis
1385 4036 1710 4143 adamantina
1734 4082 1871 4166 saxa,

544 4212 716 4315 Prima
741 4213 846 4313 acie
871 4215 1116 4330 constant,
1143 4211 1273 4311 ictus
1298 4235 1621 4314 contemnere
1648 4237 1807 4336 sueta,

544 4387 613 4492 Et
640 4385 789 4506 validi
818 4385 995 4505 silices,
1016 4394 1078 4482 ac'
1095 4383 1215 4482 ‘duri
1234 4383 1417 4483 robora
1441 4384 1580 4506 ferri,
1604 4404 1609 4413 ’
1662 4402 1690 4504 J

541 4563 789 4701 AEra'que,
818 4581 935 4698 quae
961 4557 1190 4657 claustris
1216 4560 1457 4660 restantia
1479 4522 1836 4669 vociferantur.

613 4735 709 4838 llla
734 4757 903 4835 autem
929 4729 1119 4833 debent
1143 4770 1209 4833 ex
1232 4733 1445 4836 laevibus
1470 4729 1887 4874 atquerotundis

543 4910 665 5012 Esse
691 4911 867 5049 magis,
893 4908 1055 5010 fluido
1081 4912 1441 5049 quae'comore
1460 4911 1659 5053 liquida
1684 4936 1945 5020 constant:
1980 4952 1983 4957 ·

542 5082 597 5187 N
601 5122 658 5184 ec
683 5084 965 5183 retinentur
987 5085 1283 5184 eniminter
1306 5087 1750 5226 se'glomeramina
1773 5128 2014 5234 quaeque,
