4598 6112
667 527 951 618 LIBER
989 526 1416 619 TERTIUS·
1488 546 1491 551 ’
1744 525 1839 620 105

351 786 717 941 Iracuudaque
736 823 877 887 mens
896 787 1042 888 facile
1062 786 1340 889 effervescit
1364 786 1416 884 in
1443 785 1517 884 ira
1534 825 1546 907 3

354 959 473 1081 Quo
499 962 684 1099 genere
711 961 763 1060 in
788 963 965 1098 primis
989 965 1064 1064 vis
1090 985 1165 1063 est
1181 963 1406 1062 violenta
1431 961 1653 1082 leonum3
1684 1089 1689 1098 Ι

352 1133 566 1237 Pectora
592 1136 682 1273 qui
707 1133 913 1235 fremitu
939 1157 1190 1273 rumpunt
1212 1098 1515 1273 plerumque
1542 1165 1819 1276 gementes,

353 1306 468 1410 Nec
495 1347 673 1447 capere
699 1310 889 1411 irarum
915 1312 1102 1410 fluctus
1128 1311 1181 1409 in
1207 1330 1410 1446 pectore
1436 1337 1685 1447 possunt

350 1480 423 1583 At
446 1506 652 1593 ventosa
676 1486 837 1622 magis
862 1499 1125 1586 cervorum
1149 1483 1337 1621 frigida
1361 1521 1503 1584 mens
1529 1510 1621 1607 est,

352 1654 422 1758 Et
445 1658 638 1795 gelidas
663 1660 810 1760 citius
835 1662 1142 1796 perviscera
1167 1659 1385 1757 concitat
1409 1699 1583 1785 auras;
1689 1719 1692 1729 ·

324 1828 485 1951 'Quae
511 1834 789 1932 tremulum
814 1833 1008 1934 faciunt
1033 1832 1272 1938 membris
1298 1836 1537 1936 exsistere
1563 1858 1772 1941 motum.

350 2010 423 2108 At
448 2031 628 2110 natura
656 2006 811 2107 boum
837 2008 1227 2145 placidomagis
1252 2011 1367 2107 aere
1392 2010 1530 2130 vivit,

353 2180 467 2283 Nec
487 2182 637 2282 nimis
662 2182 756 2281 irai
781 2182 869 2281 fax
889 2220 1117 2322 unquam
1142 2180 1348 2281 subdita
1370 2183 1534 2317 percit

234 2446 237 2452 .
352 2355 571 2458 Fumida
595 2355 894 2459 suffundens
920 2398 1066 2459 caecae
1093 2356 1321 2494 caliginis
1345 2354 1582 2482 umbras3

291 2590 292 2594 ε
353 2529 466 2632 Nec
491 2515 651 2669 gelidi
678 2553 848 2669 torpet
871 2533 984 2632 telis
1008 2532 1207 2669 perfixa
1229 2531 1458 2667 pavoris:

351 2702 493 2807 Inter
513 2728 757 2845 utrosque
778 2706 988 2827 sita-est,
1016 2742 1203 2824 cervoS,
1231 2743 1490 2844 saevosque
1515 2708 1702 2813 leones.

382 2880 504 2983 Sic
529 2879 794 2983 hominurn
820 2916 982 3018 genus
1006 2901 1098 2999 est,
1131 2881 1360 3018 quamvis
1386 2880 1616 3012 doctrina
1639 2887 1826 3023 politos

353 3052 644 3156 Constituat
667 3056 859 3246 pariter
885 3053 1150 3191 quosdam,
1177 3077 1347 3154 tamen
1372 3056 1463 3157 illa
1487 3059 1735 3201 relinquit
1834 3097 1836 3100 ’

352 3180 570 3330 Natiriae
598 3229 887 3368 quujusque
913 3229 1095 3329 animae
1121 3230 1335 3367 vestigia
1358 3231 1539 3367 prima,
1683 3300 1688 3307 ·

352 3402 466 3506 Nec
492 3406 734 3506 radicitus
761 3404 923 3505 evelli
931 3405 1065 3504 mala
1086 3434 1232 3540 posse
1257 3402 1545 3539 putandum
1571 3431 1662 3529 est,

352 3577 492 3700 Quin
519 3580 793 3718 proclivius
817 3577 899 3680 hic
925 3579 1024 3678 iras
1050 3577 1287 3678 decurrat
1311 3577 1380 3707 adt
1401 3583 1574 3704 acreis,

351 3752 446 3854 tlte
473 3778 611 3854 metu
637 3755 784 3855 citius
809 3752 988 3891 paullo
1014 3772 1257 3871 tentetur,
1285 3774 1336 3851 at
1361 3753 1448 3853 ille

348 3929 552 4033 Tertius
579 3932 793 4068 accipiat
818 3928 1056 4068 quaedam
1085 3925 1381 4026 clementius
1407 3967 1573 4067 aequo.

352 4106 519 4246 lnque
545 4106 655 4207 aliis
680 4103 833 4205 rebus
860 4104 1034 4205 multis
1060 4099 1267 4202 differre
1292 4139 1495 4203 necesse
1521 4127 1597 4204 est

353 4281 580 4384 Naturas
605 4279 868 4382 hominurn
894 4277 1072 4400 variaS,
1100 4314 1368 4416 moresque
1396 4278 1685 4416 sequaceis;
1798 4366 1810 4385 .

230 4486 240 4509 ⁰
353 4456 587 4579 Quorum
613 4494 709 4594 ego
734 4491 872 4554 nunc
897 4489 1098 4589 nequeo
1122 4491 1278 4553 caecas
1304 4489 1557 4589 exponere
1584 4492 1771 4575 causas,
1884 4545 1888 4553 .

352 4633 403 4736 N
410 4673 466 4735 ec
485 4633 706 4771 reperire
727 4632 1012 4768 figurarum
1037 4649 1114 4726 tot
1131 4627 1353 4746 nomiha,
1380 4652 1511 4785 quot
1527 4651 1654 4763 sunt

352 4806 622 4946 Principiis
649 4806 786 4906 unde
812 4804 923 4905 haee
948 4804 1111 4904 oritur
1134 4805 1380 4905 variantia
1400 4783 1590 4944 rerum.

210 4958 222 5059 f
281 4993 284 4997 ’
351 4982 490 5085 lllud
515 4984 568 5083 in
593 4981 671 5083 his
695 4981 848 5082 rebus
872 4979 1019 5082 video
1044 4979 1246 5081 firmare
1272 5002 1487 5117 potesse,

349 5156 531 5300 Usque
558 5159 684 5261 adeo
710 5181 1005 5259 naturarum
1031 5156 1244 5295 vestigia
1267 5154 1436 5296 linqui
1461 5244 1464 5249 a
1527 5244 1530 5248 Α
1556 5294 1562 5304 x

1094 5342 1112 5383 1³
