4598 6112
514 574 520 582 -
659 506 1529 641 jurnnssnxrcs,
1797 527 1991 641 963

407 787 478 892 Et
501 793 858 934 conjungendo
884 816 1131 916 crescunt,
1156 795 1424 934 ventisque
1450 794 1685 903 feruntur

405 965 586 1107 Usque
612 971 755 1091 adeo,
783 969 943 1070 donec
968 992 1241 1106 tempestas
1267 1008 1399 1119 saeva
1424 995 1595 1074 coorta
1623 997 1711 1078 est.
1879 1097 1887 1107 ι

475 1124 557 1243 Fit
583 1180 790 1284 quoque
815 1145 894 1244 uti
918 1143 1103 1243 montis
1120 1143 1288 1245 vicina
1311 1148 1573 1248 cacumina
1597 1151 1722 1251 coelo

406 1313 579 1435 Quam
603 1319 704 1419 sint
728 1356 953 1458 quaeque
979 1318 1156 1454 magis,
1188 1339 1332 1420 tanto
1356 1322 1517 1458 magis
1542 1322 1679 1425 edita
1701 1323 1900 1429 fument
1941 1421 1943 1425 .
2042 1454 2047 1472 ἢ

401 1493 618 1595 Assidue
644 1494 805 1597 fulvae·
823 1493 976 1597 nubis
1001 1493 1217 1631 caligine
1244 1529 1435 1619 crassa3
1957 1467 1960 1473 ⁴

402 1663 695 1807 Propterea,
723 1670 846 1810 quia
872 1706 1029 1809 quom
1054 1669 1337 1769 consistunt
1361 1669 1537 1772 nubila
1561 1673 1812 1810 primum,-

314 1872 317 1881 ’
400 1843 537 1944 Ante
562 1846 732 1946 videre
756 1844 891 1946 oculi
918 1879 1072 1983 quam
1098 1843 1293 1981 possint
1316 1845 1508 1966 tenuia,
1534 1848 1673 1948 venti

402 2013 667 2121 Portantes
692 1995 883 2157 cogunt
906 2017 972 2117 ad
998 2053 1194 2117 summa
1218 2019 1480 2119 cacumina
1505 2021 1689 2121 montis
1708 2040 1733 2123 τ’·

402 2190 506 2296 Η19
534 2195 741 2308 demum
766 2194 849 2322 fit,
870 2192 948 2293 uti
969 2190 1124 2293 turha
1146 2191 1338 2331 majore
1360 2218 1546 2316 coorta,
1580 2272 1586 2283 -

403 2365 674 2471 Condensa
698 2409 755 2473 ac
782 2369 968 2506 stipata
992 2367 1141 2467 simul
1166 2389 1456 2488 cernantur,
1482 2391 1535 2468 et
1560 2368 1663 2471 udo

400 2539 607 2644 Vertice
634 2543 703 2644 de
726 2544 909 2643 montis
928 2540 1197 2642 videantur
1216 2580 1421 2680 surgere
1446 2543 1509 2645 in·
1524 2541 1764 2650 aethram.-

401 2713 540 2817 Nam
565 2717 676 2818 loca
700 2716 923 2818 declarat
948 2752 1144 2816 sursum
1166 2738 1379 2817 ventosa
1402 2739 1576 2854 patere

402 2893 503 2997 Res
519 2898 629 3034 ipsa
654 2896 716 2995 ad
738 2933 957 3015 sensum,
975 2892 1191 2994 monteis
1205 2928 1361 3030 quom
1377 2892 1729 2995 adscendimus
1748 2895 1892 3001 altos·

471 3067 742 3188 Praeterea,
762 3067 1018 3206 permulta
1043 3067 1405 3204 mariquoq'ue
1429 3066 1605 3167 tollere
1630 3090 1738 3169 toto
1805 3177 1810 3195 ¹

402 3240 629 3382 Corpora
654 3265 905 3365 naturam,
932 3240 1194 3341 declarant
1216 3239 1385 3339 littore
1411 3259 1579 3345 vestes
1616 3304 1618 3308 ·

401 3419 687 3557 Suspensae,
716 3454 871 3556 quom
899 3415 1193 3552 concipiunt
1217 3413 1446 3517 humoris
1471 3415 1747 3520 adhaesum.

378 3590 518 3711 =Quo
542 3594 702 3730 magis
727 3591 791 3690 ad
819 3588 1000 3690 nnbeis
1024 3588 1285 3726 augendas
1311 3589 1474 3690 multa
1498 3591 1736 3693 videntur

399 3763 552 3867 Posse
579 3792 791 3904 quoque
817 3802 845 3864 9
871 3765 999 3864 salso
1024 3800 1326 3901 consurgere
1346 3765 1565 3865 momine
1589 3771 1751 3904 ponti.

399 3939 538 4043 Nam
563 3943 691 4041 ratio
710 3932 1091 4079 'consanguinea
1115 3960 1191 4038 est
1217 3935 1513 4068 humoribus
1539 3942 1735 4044 omnis·

469 4085 737 4233 Praeterea,
764 4115 932 4216 fluviis
956 4151 1019 4213 ex
1045 4109 1370 4231 omnihus,et
1394 4112 1543 4215 simul
1569 4115 1681 4251 ipsa

398 4293 617 4432 Surgere
645 4291 707 4390 de
732 4312 867 4390 terra
891 4284 1102 4388 nebulas
1127 4287 1697 4425 aestumque'videmus3

371 4451 376 4456 ⁸
398 4465 532 4587 Quae
548 4467 689 4567 velut
706 4463 909 4584 halitus,
930 4460 1048 4563 hinc
1068 4463 1140 4561 ita
1159 4498 1357 4562 sursum
1379 4499 1616 4599 expressa
1633 4463 1884 4589 feruntur,

398 4640 817 4779 Suffunduntqne
842 4676 933 4740 sua
951 4638 1135 4739 ooelum
1154 4636 1387 4775 caligine,
1407 4658 1459 4737 et
1483 4636 1608 4738 altas

397 4802 670 4916 Sufficiunt
693 4811 874 4914 nubeis
898 4812 1163 4951 paullatim
1190 4795 1559 4912 conveniundo

464 4987 633 5128 Urget
657 4988 792 5089 enim
818 5024 1028 5127 quoque
1053 4984 1285 5127 signiferi
1310 5022 1463 5121 super
1485 4983 1690 5088 aetheris
1715 5010 1883 5110 aestus,
1950 5042 1952 5047 ·

396 5139 467 5267 Et
492 5164 636 5304 quasi
661 5161 919 5265 densendo
944 5160 1175 5266 subtexit
1194 5159 1379 5264 caerula
1402 5156 1626 5265 3319131319.Ι
1682 5131 1698 5186 ⁷
1765 5227 1767 5231 ψ
1834 5223 1837 5230 ·
