4598 6112
755 510 1034 602 nrnnn
1098 502 1581 601 sncuuous.
1824 480 1903 607 672

398 768 642 911 Namque
668 771 778 871 aliis
804 767 943 869 aliud
969 766 1293 905 praestantius
1319 785 1629 867 exoreretur.

470 944 666 1047 Cedere
693 946 815 1045 item
840 965 976 1043 retro
1002 961 1207 1079 possent
1231 940 1284 1039 in
1310 937 1584 1038 deteriores
1662 1003 1665 1007 -

400 1119 590 1222 Omnia
614 1120 682 1220 sic
709 1118 914 1257 parteis,
940 1087 1001 1217 ut
1026 1117 1247 1216 diximus
1273 1115 1322 1214 in
1351 1116 1610 1215 meliores:

400 1292 643 1434 Namque
669 1294 778 1394 aliis
798 1292 937 1395 aliud
962 1315 1097 1392 retro
1124 1328 1331 1430 quoque
1352 1289 1532 1389 tetrius
1557 1309 1686 1388 esset
1829 1396 1832 1403 ,
1964 1341 1968 1349 -

401 1467 646 1588 Naribus,
675 1465 899 1588 auribus,
927 1488 1082 1604 atque
1106 1465 1282 1584 oculis,
1309 1467 1513 1604 orisque
1539 1464 1720 1601 sapori.

474 1618 607 1763 Quae
628 1643 869 1781 quoniam
896 1630 997 1741 uon
1018 1663 1137 1742 snut
1161 1642 1212 1740 in
1241 1639 1391 1740 rebus
1416 1638 1631 1760 reddita,
1659 1625 1870 1739 certaet
1908 1764 1910 1769 Ι

403 1816 546 1919 Finis
565 1819 824 1956 utrimque
849 1838 989 1917 tenet
1015 1853 1292 1939 summam;
1330 1814 1518 1915 fateare
1546 1852 1745 1916 necesse
1770 1837 1847 1916 est

403 1990 673 2093 Materiam
699 2029 908 2132 quoque
928 1989 1083 2090 finitis
1109 1985 1312 2089 differre
1337 1989 1529 2126 liguris,
1559 2116 1562 2123 Ι

473 2163 731 2305 Denique,
759 2163 1050 2304 ab'ignibus
1074 2163 1138 2265 ad
1157 2166 1350 2304 gelidas
1376 2165 1659 2307 hiemisque
1685 2168 1895 2307 pruinas

404 2335 630 2440 Finitum
658 2363 749 2461 est,
770 2362 1010 2479 retroque
1028 2341 1138 2478 pari
1165 2340 1358 2440 ratione
1383 2379 1671 2441 remensum
1697 2365 1803 2443 est.>

404 2511 543 2613 Finit
567 2514 701 2616 enirn
728 2515 879 2635 calor,
906 2552 964 2614 ac
988 2514 1166 2652 frigus,
1193 2513 1451 2653 mediique
1472 2537 1673 2653 tepores

404 2687 547 2790 Inter
574 2712 848 2826 utrumque
866 2688 1057 2826 jacent,
1077 2691 1340 2828 explentes
1364 2689 1542 2790 ordine
1568 2727 1846 2795 summam:

404 2861 544 3001 Ergo
570 2863 715 2963 finita
741 2862 932 2963 distant
954 2864 1147 2964 ratione
1173 2884 1355 2983 creata,

403 3038 633 3175 Ancipiti
653 3038 894 3175 quoniam
920 3075 1159 3139 mucrone
1185 3039 1443 3176 utrimque
1462 3059 1719 3161 notantur,
1869 3072 1885 3091 ‘

406 3209 543 3317 Hinc
565 3213 797 3333 flammis,
825 3201 963 3313 illine
988 3210 1166 3349 rigidis
1192 3213 1378 3312 insessa
1402 3213 1616 3349 pruinis.

479 3384 635 3506 Quod
652 3387 894 3525 quoniam
914 3385 1078 3505 docui,
1095 3423 1306 3524 pergam
1321 3407 1617 3531 connectere
1636 3425 1759 3509 rem,
1782 3400 1913 3534 quae
2017 3461 2023 3468 .

409 3557 491 3684 Ex
517 3558 613 3660 hoc
639 3582 758 3696 apta
783 3559 938 3660 fidem
957 3557 1127 3659 ducit:
1166 3559 1443 3696 primordia
1467 3599 1654 3684 rerum,

408 3731 551 3834 Inter
577 3772 629 3833 se
657 3731 806 3834 simili
832 3770 951 3872 quae
978 3748 1098 3833 sunt
1119 3733 1344 3870 perfecta
1369 3733 1550 3873 figura,

408 3904 616 4007 Infinita
641 3909 840 4008 cluere:
883 3908 1068 4006 etenim
1097 3907 1336 4008 distantia
1361 3947 1517 4047 quom
1543 3891 1608 4011 sit

363 4052 366 4059 ,
415 4078 710 4182 Formarum
730 4081 889 4201 finita,
918 4118 1116 4181 necesse
1142 4090 1234 4201 est,
1263 4120 1380 4220 quae
1407 4085 1591 4186 similes
1610 4062 1726 4208 sint}

410 4249 533 4352 Esse
558 4252 810 4377 infinitas3
849 4276 937 4355 aut
962 4293 1207 4355 summam
1233 4257 1460 4358 materiai

412 4426 631 4529 Finitam
652 4451 910 4530 constare:
948 4426 1002 4527 id
1029 4428 1165 4565 quod
1188 4467 1289 4529 non
1309 4467 1415 4531 esse
1439 4431 1667 4571 probavi.

485 4596 638 4718 Quod
661 4601 901 4738 quoniam
923 4599 1088 4722 docui,
1106 4640 1242 4702 nunc
1257 4568 1581 4743 suaviloquis,
1599 4644 1710 4743 age,
1729 4606 1902 4744 paucis

413 4768 657 4902 Versibus
677 4773 955 4896 ostendam,
983 4776 1282 4911 corpuscula
1305 4780 1532 4878 materiai

414 4945 499 5050 Ex
523 4949 721 5051 infinito
748 4988 994 5051 summam
1019 4989 1189 5051 rerum
1214 4989 1376 5091 usque
1400 4974 1590 5073 tenere,

410 5099 660 5262 Undique
687 5124 888 5262 protelo
912 5124 1180 5263 plagarum
1206 5127 1513 5231 continuato.
