4598 6112
466 487 564 604 174
788 499 846 585 Τ.
913 493 1333 586 LUCRETII
1401 497 1614 590 CARI

462 754 649 897 Debile
675 754 734 853 lit
759 791 957 891 corpus,
984 754 1519 893 languescuntomnia
1544 756 1771 859 membra
1786 801 1799 882 3

463 928 694 1050 Brachia,
720 927 1088 1068 palpebraeque
1115 928 1320 1048 cadunt,
1348 929 1670 1070 poplitesque
1697 929 1904 1034 cubanti

464 1105 614 1243 Saepe
639 1128 774 1204 tama
799 1103 1186 1222 submittuntur,
1212 1078 1449 1241 viresque
1475 1105 1748 1209 resolvunt.

535 1277 738 1379 Deinde
754 1276 923 1380 cibum
945 1277 1175 1414 sequitur
1194 1315 1415 1397 somnus,
1439 1279 1561 1416 quia
1580 1319 1696 1418 quae
1717 1280 1839 1381 facit
1856 1285 1960 1404 aer,

464 1452 593 1555 Haec
619 1453 796 1555 eadem
822 1452 981 1570 cibus,
997 1451 1061 1550 in
1087 1488 1239 1552 venas
1266 1449 1390 1550 dum
1419 1450 1614 1552 diditur
1636 1455 1846 1574 omneis,

464 1623 664 1750 Efficit3
703 1648 754 1725 et
778 1626 939 1726 multo
967 1624 1225 1764 soporille
1251 1627 1574 1764 gravissimus
1600 1647 1779 1745 exstat,

466 1794 633 1917 Quem
661 1823 800 1899 satur
825 1800 1097 1924 autlassus
1122 1800 1306 1937 capias
1334 1800 1456 1936 quia
1480 1797 1703 1935 plurima
1728 1822 1837 1900 tum
1865 1837 1916 1900 se

466 1969 694 2110 Corpora
719 1971 1027 2073 conturbant
1052 2012 1235 2112 magno
1262 1993 1474 2072 contusa
1499 1970 1700 2081 labore:

464 2141 548 2243 Fit
572 2146 766 2244 ratione
792 2145 969 2245 eadem
996 2148 1252 2286 conjectus
1278 2183 1431 2282 porro
1460 2145 1646 2260 animai

462 2317 644 2439 Altior,
673 2341 826 2458 atque
853 2319 985 2420 foras
1011 2321 1199 2458 ejectus
1219 2321 1413 2457 largior
1438 2321 1561 2457 ejus,

464 2487 534 2591 Et
559 2491 763 2592 divisior
788 2494 921 2593 inter
946 2532 1014 2614 se,
1043 2534 1099 2596 ae
1125 2494 1411 2596 distractior
1434 2495 1587 2594 intus.

537 2664 606 2766 Et
632 2668 753 2803 quoi
780 2669 997 2807 quisque
1022 2668 1126 2768 fere
1154 2671 1322 2770 studio
1349 2671 1611 2770 devinctus
1638 2668 1879 2791 adhaeret,

463 2841 571 2942 Aut
599 2839 788 2980 quibus
814 2841 863 2940 in
891 2840 1043 2942 rebus
1068 2846 1487 2947 multnmsumus
1513 2866 1629 2945 ante
1655 2847 1853 2966 morati,
1939 2860 1943 2865 ’

463 3016 639 3156 Atque
666 3017 719 3115 in
749 3053 851 3152 qua
875 3016 1068 3118 ratione
1094 3019 1193 3119 fuit
1216 3042 1454 3121 contenta
1479 3018 1636 3155 magis
1662 3056 1820 3139 mens,

466 3187 528 3290 ln
554 3190 739 3311 somnis
765 3189 938 3288 eadem
967 3191 1271 3331 plerumque
1296 3195 1528 3294 videmur
1553 3190 1724 3292 obire:
1779 3192 1783 3197 ’

468 3364 723 3467 Causidici
748 3402 920 3465 causas
947 3403 1114 3503 agere,
1142 3356 1196 3464 11
1218 3404 1518 3505 componere
1544 3368 1712 3505 leges3

466 3539 858 3678 Induperatores
877 3579 1124 3678 pugnare,
1139 3579 1210 3641 ac
1237 3543 1418 3679 proelia
1441 3541 1612 3666 obire3

466 3711 657 3813 Nautae
684 3736 994 3861 contractum
1023 3753 1138 3814 cum
1163 3716 1324 3814 ventis
1349 3753 1552 3815 cernere
1578 3712 1800 3818 bellum:

466 3886 579 3988 Nos
605 3926 754 4025 agere
781 3886 876 3988 hoc
903 3909 1087 4007 autem,
1109 3910 1161 3987 11
1184 3909 1416 3986 naturam
1444 3924 1670 4024 quaerere
1698 3884 1869 3991 rerum

467 4060 695 4198 Semper,
723 4082 774 4159 et
799 4061 1055 4167 inventam
1080 4063 1256 4197 patriis
1283 4098 1535 4201 exponere
1563 4057 1764 4164 chartis

468 4232 666 4337 Caetera
692 4222 759 4334 sic
786 4235 968 4355 studia,
996 4258 1151 4375 atque
1177 4261 1308 4338 artes
1333 4237 1637 4373 plerumque
1655 4236 1892 4354 videntur

465 4408 528 4512 In
555 4410 740 4509 somnis
767 4408 958 4509 animos
982 4407 1246 4513 hominum
1273 4412 1511 4511 frustrata
1534 4433 1722 4515 tenere.

535 4581 621 4702 Et,
650 4583 946 4723 quicunque
975 4582 1082 4682 dies
1110 4585 1292 4683 multos
1318 4622 1381 4682 ex
1407 4582 1583 4682 ordine
1610 4583 1742 4685 ludis

463 4758 721 4859 Adsiduas
747 4756 1000 4868 dederunt
1023 4795 1216 4895 operas,
1244 4758 1548 4896 plerumque
1574 4759 1819 4884 videmus,

467 4930 635 5053 Quom
655 4932 763 5069 jam
791 4928 1074 5041 destiterint
1094 4971 1153 5031 ea
1178 4930 1404 5032 sensibus
1429 4970 1691 5070 usurpare,

466 5106 711 5246 Reliquas
736 5130 904 5207 tamen
931 5143 1036 5223 esse
1061 5107 1164 5206 vias
1189 5108 1241 5207 in
1268 5129 1434 5207 mente
1459 5108 1724 5243 patenteis,
