4598 6112
626 517 630 526 ’
696 556 971 648 arnna
1034 559 1450 655 rnnrrun
1723 568 1821 676 109

321 808 587 949 Temporis
614 814 850 952 exiguam
877 836 1070 951 partem
1097 855 1214 955 pars
1238 820 1346 919 nlla
1371 824 1555 926 animai
1570 869 1584 951 3

324 983 424 1085 Sed
452 1027 616 1088 comes
643 989 930 1128 insequitur
955 991 1116 1111 facile,
1144 1016 1195 1092 et
1221 995 1436 1098 discedit
1461 1002 1511 1099 in
1533 1038 1695 1126 auras,

320 1156 390 1259 Et
414 1163 610 1299 gelidos
635 1185 772 1262 artus
798 1165 847 1262 in
878 1162 1000 1264 lethi
1026 1167 1213 1303 frigore
1240 1169 1442 1309 linquit.

317 1334 389 1435 At
412 1360 583 1437 manet
607 1340 659 1437 in
685 1340 802 1458 vita,
832 1340 953 1478 quoi
980 1378 1120 1440 mens
1147 1346 1448 1482 animusque
1474 1353 1728 1473 remansit,

319 1511 564 1634 Quamvis
590 1540 667 1617 est
693 1516 1043 1618 circum-caesis
1069 1516 1202 1616 lacer
1230 1518 1457 1658 undique
1484 1526 1754 1629 membris:

312 1685 564 1813 TruncuS,
593 1695 793 1794 ademta
819 1695 986 1792 anima
1005 1693 1210 1811 circum,
1230 1695 1573 1836 membrisque
1593 1703 1814 1822 remmia,

313 1859 470 1986 Vivit,
497 1889 549 1966 et
572 1867 804 1968 aetherias
829 1867 1024 1967 vitaleis
1051 1869 1266 2006 succipit
1285 1906 1461 1970 auras:

316 2035 369 2137 Si
397 2079 501 2140 non
528 2042 845 2160 omnimodiS,
874 2064 926 2141 at
951 2081 1134 2180 magna
1161 2066 1304 2179 parte
1332 2046 1518 2145 animai

314 2209 564 2335 PrivatuS,
581 2237 749 2328 tamen
777 2219 827 2314 in
854 2217 959 2315 vita
984 2240 1254 2318 cunctatur
1278 2242 1329 2318 et
1355 2217 1533 2325 haeret.

312 2384 388 2488 Ut
413 2388 629 2489 lacerato
657 2390 807 2489 oculo
833 2391 1019 2491 circum
1050 2393 1090 2492 si
1116 2392 1314 2529 pupula
1333 2394 1516 2493 mansit

314 2557 605 2684 Incolume,
634 2587 733 2664 stat
757 2565 997 2665 cernendi
1022 2565 1187 2666 vivata
1211 2588 1465 2703 potestas;

314 2735 610 2840 Dummodo
635 2730 699 2840 ne
723 2762 887 2840 totum
916 2775 1208 2876 corrumpas
1235 2739 1440 2840 luminis
1466 2738 1658 2867 orbem,

314 2908 412 3012 Sed
443 2912 819 3015 circum-caedas
845 2915 1019 3032 aciem,
1049 2914 1308 3049 solamque
1334 2914 1623 3052 relinquas3

312 3082 371 3188 Id
401 3127 610 3227 qnoque
636 3092 772 3189 enim
799 3090 904 3189 sine
930 3089 1153 3226 pernicie
1180 3089 1364 3188 confiet
1388 3127 1598 3191 eorum:

308 3261 380 3364 At
405 3266 444 3364 si
470 3266 668 3365 tantula
691 3302 808 3402 pars
833 3263 966 3362 oculi
995 3262 1160 3362 media
1183 3261 1271 3360 illa
1297 3298 1473 3398 peresa
1498 3285 1590 3382 est,

301 3434 584 3540 'Incolumis
609 3441 838 3579 quamvis
864 3439 1053 3575 alioqui
1075 3438 1372 3576 splendidus
1394 3434 1549 3555 orbis,

312 3609 518 3712 Occidit
543 3613 799 3748 extemplo
827 3611 1014 3728 lumen,
1036 3610 1366 3749 tenebraeque
1393 3634 1711 3749 sequuntur:

310 3783 428 3887 Hoc
456 3788 622 3886 anima
647 3809 802 3923 atque
830 3787 1027 3885 animus
1052 3787 1205 3886 vincti
1234 3808 1353 3915 sunt
1377 3785 1565 3885 foedere
1592 3824 1805 3925 semper.

378 3958 534 4061 Nunc
560 3999 671 4098 age,
687 3963 891 4084 ,nativos
917 3961 1257 4061 animantibus
1284 3983 1336 4058 et
1361 3960 1615 4059 mortaleis
1649 3928 1656 3943 ’

310 4132 432 4235 Esse
459 4134 651 4274 animos
677 4132 971 4273 animasque
999 4136 1151 4235 leveis
1179 4158 1235 4234 ut
1262 4171 1469 4234 noscere
1496 4136 1656 4271 possis
1672 4176 1687 4259 ;

309 4306 612 4448 Conquisita
635 4307 741 4424 diu,
769 4307 1010 4448 dulcique
1037 4332 1239 4446 reperta
1265 4306 1436 4408 labore

310 4482 485 4623 Digna
510 4508 600 4584 tua
625 4522 834 4621 pergam
861 4483 1130 4620 disponere
1157 4484 1379 4583 carmina
1403 4481 1521 4582 vita.

304 4656 386 4761 Tu
413 4659 491 4762 fac
518 4682 793 4796 utrumque
814 4657 1222 4794 unosnbjnngas
1250 4695 1433 4756 nomen
1459 4693 1650 4776 eorum,

302 4836 479 4974 Atque
507 4838 741 4954 animam,
770 4833 910 4934 verbi
936 4868 1100 4946 causa,
1131 4868 1285 4967 quom
1313 4835 1479 4931 dicere
1508 4867 1732 4967 pergam,

306 5007 585 5111 Mortalem
602 5048 709 5111 esse
725 5010 927 5126 docenS,
950 5009 1173 5106 animum
1196 5044 1405 5142 qnoque
1423 5004 1590 5103 dicere
1607 5003 1780 5104 credas
1788 5043 1804 5130 3

308 5183 577 5307 Quatenus
603 5212 679 5290 est
704 5223 864 5288 unum
889 5185 1024 5287 inter
1050 5221 1120 5303 se,
1147 5179 1520 5318 conjunctaque
1546 5216 1625 5280 ree
1651 5200 1743 5285 est.
