4598 6112
778 512 1056 636 traua
1119 510 1552 608 QUARTUS.
1812 511 1912 629 147
2000 654 2008 659 .

404 769 473 874 Et
499 773 645 912 quasi
671 795 931 912 perterget
953 773 1196 911 pupillas,
1224 795 1379 912 atque
1405 777 1478 877 ita
1501 777 1698 881 transit.

403 945 681 1086 Propterea
705 951 780 1071 fit,
807 952 884 1052 uti
910 950 1170 1052 videamus
1198 987 1352 1088 quam
1378 952 1556 1090 procul
1582 950 1715 1052 absit

402 1120 504 1224 Res
531 1164 785 1264 quaeque3
825 1150 877 1226 et
904 1146 1095 1265 quanto
1120 1124 1238 1261 plus
1263 1126 1392 1226 airis
1418 1148 1534 1227 ante
1561 1127 1799 1266 agitatur,
1944 1193 1946 1196 >

405 1296 473 1398 Et
497 1323 693 1399 nostros
719 1300 892 1401 oeulos
916 1318 1176 1438 perterget
1200 1300 1401 1439 longior
1425 1340 1562 1423 aura,

400 1469 526 1573 Tam
553 1475 731 1612 procul
758 1513 863 1575 esse
889 1475 1050 1614 magis
1074 1512 1154 1575 res
1178 1513 1402 1615 quaeque
1429 1500 1623 1578 remota
1646 1475 1878 1588 videtur:

403 1646 607 1750 Scilicet
631 1649 741 1752 haec
767 1689 960 1752 summe
987 1649 1136 1751 celeri
1162 1650 1356 1750 ratione
1382 1674 1653 1790 geruntur,
1895 1635 1900 1642 ’

404 1824 572 1946 Quale
599 1829 663 1928 sit
688 1851 747 1929 ut
770 1829 1047 1951 videamus,
1075 1850 1127 1928 et
1150 1861 1253 1926 una
1279 1863 1434 1964 quam
1461 1827 1639 1964 procul
1666 1824 1812 1928 absit.
1863 1827 1869 1844 ’

473 1999 611 2102 Illud
640 2004 691 2103 in
718 2000 796 2102 his
822 2002 973 2104 rebus
998 2003 1204 2104 minime
1232 1997 1461 2100 mirabile
1487 2000 1782 2104 habendum
1808 2026 1901 2123 est,

404 2176 528 2298 Cur,
556 2216 614 2279 ea
641 2218 760 2318 quae
786 2179 972 2279 feriant
995 2179 1166 2281 oculos
1193 2174 1460 2276 simulacra
1484 2175 1645 2278 videri

404 2346 620 2490 Singula
644 2392 762 2453 cnm
788 2376 1062 2492 nequeant,
1090 2390 1169 2453 res
1192 2352 1317 2489 ipsae
1344 2352 1747 2492 perspiciantur:

333 2510 338 2522 ¹
401 2522 600 2626 Ventus
626 2527 758 2626 enim
787 2564 994 2667 quoque
1017 2528 1283 2666 paullatim
1311 2569 1426 2631 cum
1449 2528 1698 2653 verberat,
1719 2555 1903 2636 etcum

401 2700 532 2802 Aere
558 2700 673 2803 ferit
701 2701 879 2842 frigus,
905 2741 1008 2803 non
1033 2684 1229 2842 privam
1256 2744 1516 2846 quamque
1542 2706 1761 2857 solemus

403 2873 712 2977 Particulam
736 2879 872 2979 venti
900 2874 1101 3001 sentire,
1128 2904 1181 2982 et
1204 2882 1404 3020 frigoris
1430 2882 1568 3019 ejus3

403 3048 507 3149 Sed
535 3053 694 3188 magis
720 3089 1024 3175 unversum3
1062 3054 1278 3196 fierique
1305 3056 1516 3194 perinde
1543 3036 1772 3160 videmus

404 3223 631 3361 Corpore
656 3248 766 3325 tum
793 3226 968 3364 plagas
996 3228 1047 3328 in
1073 3253 1261 3352 nostro,
1287 3248 1532 3370 tanquam
1559 3233 1747 3373 aliquae
1773 3274 1853 3338 res

399 3404 669 3523 Verberet,
697 3425 852 3540 atque
879 3390 957 3502 sui
983 3401 1072 3503 det
1097 3443 1296 3507 sensum
1325 3406 1548 3544 corporis
1574 3430 1734 3512 extra.
1758 3453 1765 3471 ’

401 3578 672 3697 Praeterea,
696 3577 919 3714 lapidem
946 3577 1106 3716 digito
1132 3619 1247 3681 cum
1272 3575 1552 3701 tundimus,
1578 3582 1748 3720 ipsum
1808 3692 1809 3697 Ν

398 3756 681 3897 Tangimus
706 3775 991 3856 extremum
1017 3757 1140 3876 saxi,
1169 3793 1531 3895 summumque
1558 3757 1806 3865 colorem:

401 3932 516 4036 Nec
542 3933 786 4034 sentimus
810 3968 928 4030 eum
953 3906 1110 4051 tactu,
1135 3968 1311 4030 verum
1338 3932 1498 4070 magis
1524 3932 1687 4068 ipsam

401 4107 661 4211 Duritiem
686 4106 891 4245 penitus
917 4105 1023 4205 saxi
1049 4105 1291 4206 sentimus
1317 4105 1369 4205 in
1395 4104 1512 4206 alto,
1659 4108 1669 4125 '

302 4392 306 4399 ,
472 4283 631 4386 Nunc
657 4321 767 4422 age,
795 4319 885 4382 cur
909 4281 1044 4382 ultra
1068 4279 1329 4420 speculum
1347 4278 1580 4382 videatur
1604 4283 1793 4424 imago,

400 4458 643 4597 Percipe3
673 4428 798 4558 'nam
825 4478 959 4557 certe
985 4458 1190 4594 penitus
1215 4477 1409 4555 remota
1433 4456 1653 4561 videtur.

403 4634 560 4759 Quod
585 4670 749 4773 genus
774 4632 878 4753 illa,
901 4630 1026 4732 ,foris
1052 4671 1170 4771 quae
1194 4669 1311 4734 vere
1342 4634 1760 4771 transpiciuntur,

398 4809 432 4913 J
436 4809 569 4913 anua
594 4848 711 4911 oum
735 4844 830 4946 per
854 4844 915 4908 se·
931 4828 1275 4943 transpectum
1301 4805 1502 4943 praebet
1526 4832 1777 4944 apertum,

402 4985 574 5088 Multa
598 4984 820 5122 facitque
845 4977 967 5081 foris
992 5019 1058 5080 ex
1081 4979 1278 5082 aedibus
1303 5002 1362 5080 ut
1383 4981 1666 5086 videantur.

402 5159 453 5264 Is
479 5199 688 5300 quoque
714 5158 846 5263 enim
874 5155 1083 5298 duplici,
1110 5159 1419 5298 geminoque
1448 5158 1509 5260 fit
1533 5161 1648 5262 aire
1674 5159 1840 5263 visus:

618 5326 619 5330 ’
1125 5336 1177 5388 us
1788 5346 1791 5351 ·
