1533 1721
510 221 542 243 12
671 219 703 241 T.
735 218 950 241 LUCRl-:TII
982 218 1089 241 CARI

509 285 598 310 Donec
611 284 647 309 vis
659 283 731 313 obiit,
745 293 804 318 quae
816 293 856 308 res
869 283 1013 308 diverberet
1026 284 1087 313 ictu,

507 328 562 353 Ant
574 328 643 353 intus
656 332 772 362 penetret
784 336 831 361 per
842 327 935 356 inania,
949 326 1131 362 dissolvatque,

509 371 616 397 Nullius
629 371 736 396 exitium
749 371 847 405 patitur
858 376 949 396 natum
962 370 1051 396 videri.

543 414 679 444 Praeterea,
692 423 855 449 quaecunque
867 420 991 439 vetustate
1004 419 1104 438 amovet
1116 419 1187 443 aetas,

509 458 537 483 Si
549 458 651 492 penitus
663 458 764 492 perimit
777 467 927 483 consumens
939 457 1069 482 materiem
1082 466 1191 487 omnem,

508 501 586 527 Unde
599 501 706 526 animale
718 511 800 536 genus
812 502 952 536 generatim
965 502 991 526 in
1005 501 1102 526 lumina
1113 501 1173 526 vitae

509 544 637 570 Redducit
650 544 753 570 Venus!
772 551 817 570 aut
830 545 981 570 redductum
995 544 1095 569 daedala
1107 544 1183 569 tellus

508 588 586 614 Unde
599 588 651 618 alit,
665 594 742 622 atque
755 594 840 623 auget,
859 589 997 623 generatim
1008 587 1104 622 pabula
1115 587 1248 622 praebens!

509 631 586 657 Unde
600 641 667 657 mare
680 632 785 666 ingenui
797 631 888 662 fontes,
901 637 1059 666 externaque
1071 631 1148 666 longe

509 675 627 700 Flumina
639 675 820 710 suppeditant?
839 675 908 700 unde
920 674 1001 700 aether
1012 675 1094 700 sidera
1107 676 1202 710 pascit!

509 718 605 744 Omnia
617 718 685 743 enim
696 718 782 748 debet,
795 719 893 744 mortali
906 728 1012 753 corpore
1025 728 1084 753 quae
1097 725 1167 750 sunt,

509 761 615 787 Infinita
627 768 688 787 aetas
700 771 841 792 consumse,
853 768 968 787 anteacta
980 762 1095 797 diesque.

509 804 597 836 Quod,
610 806 631 830 si
642 806 668 830 in
682 815 712 830 eo
725 807 814 840 spatio,
828 812 905 841 atque
918 811 1032 831 anteacta
1041 811 1117 830 aetate
1128 805 1209 837 suere,

508 848 531 874 E
544 849 639 884 quibus
651 848 706 874 haec
719 859 804 875 renim
817 850 929 875 consistit
942 859 1040 875 summa
1052 849 1155 880 refecta,

508 892 648 917 Immortali
658 899 717 917 sunt
729 899 820 918 natura
832 894 941 928 praedita
953 899 1028 919 certe.

509 936 587 961 Haud
601 936 680 971 igitur
692 943 798 971 possunt
808 937 838 962 ad
854 937 934 962 nilum
947 947 1059 972 quaeque
1072 939 1172 964 reverti.

543 979 665 1014 Denique
677 989 716 1005 res
728 980 824 1005 omneis
837 980 924 1005 eadem
938 981 974 1005 vis
986 990 1113 1016 causaque
1126 982 1201 1017 volgo

509 1023 660 1053 Conficeret,
673 1023 721 1048 nisi
734 1024 849 1048 materies
858 1029 953 1049 aeterna
965 1030 1063 1050 teneret

509 1066 580 1092 Inter
592 1076 618 1091 se
630 1076 708 1091 nexas
721 1067 804 1092 minus
816 1073 861 1092 aut
873 1068 952 1102 magis
965 1068 1133 1103 endopedite;

507 1109 602 1135 Tactus
614 1111 681 1135 enim
694 1109 756 1135 lethi
770 1111 829 1136 satis
841 1117 905 1136 esset
917 1121 992 1137 causa
1004 1112 1131 1146 profecto:

510 1153 623 1188 Quippe,
637 1153 681 1179 ubi
694 1154 764 1179 nulla
777 1154 859 1179 forent
872 1161 966 1180 aeteruo
979 1165 1093 1190 corpore,
1107 1166 1195 1183 eorum

509 1196 664 1222 contextum
673 1197 712 1222 vis
723 1197 827 1222 deberet
839 1197 974 1223 dissolvere
986 1208 1106 1234 quaeque.

507 1240 543 1265 At
555 1250 631 1271 nunc,
644 1240 711 1265 inter
723 1250 749 1265 se
762 1241 823 1275 quia
834 1251 915 1266 nexus
926 1243 1111 1277 principiorum

508 1283 649 1309 Dissimiles
661 1290 785 1314 constant,
798 1291 943 1320 aeternaque
956 1288 1072 1313 materies
1084 1294 1130 1319 est,

508 1326 631 1353 Incolumi
645 1334 775 1353 remanent
788 1339 826 1354 res
839 1339 952 1364 corpore,
965 1330 1027 1356 dum
1040 1333 1099 1357 satis
1112 1332 1176 1358 acris

507 1369 555 1395 Vis
566 1370 640 1396 obeat
651 1381 698 1406 pro
710 1378 812 1398 textura
820 1373 944 1408 cujusque
956 1381 1064 1410 reperta.
