4598 6112
389 524 499 628 '146
737 535 796 623 Τ.
864 531 1298 625 LUCRETII
1364 531 1582 624 CARI

402 793 532 897 Cum
560 831 696 893 mare
720 831 982 895 versamur
1004 818 1216 932 propter
1231 837 1245 917 ;
1283 793 1550 931 dilutaque
1576 813 1751 893 contra

400 967 532 1070 Cum
558 970 752 1070 tuimur
777 971 972 1072 misceri
999 969 1267 1091 absinthia,
1293 968 1459 1106 tangit
1485 1004 1696 1068 amaror.

398 1141 579 1285 Usque
605 1145 731 1245 adeo
756 1146 992 1248 omnibus
1018 1145 1082 1247 ab
1109 1143 1260 1246 rebus
1286 1181 1365 1243 res
1391 1178 1616 1281 quaeque
1643 1143 1862 1242 fluenter

399 1321 599 1442 Fertur,
627 1343 676 1421 et
702 1323 756 1421 in
783 1342 988 1422 cunctas
1015 1319 1289 1419 dimittitur
1313 1318 1546 1458 undique
1572 1317 1790 1455 parteis3

401 1494 514 1598 Nec
540 1534 695 1616 mora,
723 1534 816 1597 nec
841 1495 1042 1632 requies
1067 1493 1199 1593 inter
1225 1491 1377 1593 datur
1401 1493 1507 1592 ulla
1531 1491 1756 1592 fluendi:

397 1666 657 1808 Perpetuo
680 1670 921 1808 quoniam
947 1671 1206 1787 sentimus,
1233 1688 1286 1766 et
1303 1671 1472 1770 omnia
1490 1708 1691 1808 semper

398 1843 636 1966 Cernere,
663 1844 862 1945 odorari
888 1846 1023 1966 licet,
1050 1867 1102 1944 et
1128 1842 1315 1942 sentire
1334 1870 1582 1947 sonorem.

466 2018 737 2142 Praeterea,
765 2021 1005 2158 quoniam
1032 2016 1272 2119 manibus
1292 2012 1691 2158 tractatafigura

397 2190 461 2295 In
486 2194 710 2296 tenebris
736 2195 973 2334 quaedam
1006 2196 1328 2334 cognoscitur
1352 2233 1458 2294 esse
1484 2194 1660 2294 eadem
1687 2234 1806 2336 quae

398 2367 640 2471 Cernitur
664 2371 726 2469 in'
742 2371 854 2470 luce
880 2392 933 2470 et
956 2371 1090 2487 claro
1115 2369 1347 2490 candore,
1375 2405 1577 2469 necesse
1603 2390 1679 2468 est

400 2540 663 2644 Consimili
689 2582 838 2644 eausa
862 2568 1055 2647 tactum
1081 2549 1348 2685 visumque
1374 2544 1579 2645 moveri.

400 2714 451 2817 N
459 2756 558 2817 unc
586 2716 759 2854 igitur,
787 2718 827 2817 si
854 2720 1161 2856 quadratum
1186 2743 1455 2861 tentamus,
1483 2739 1536 2820 et
1558 2718 1611 2818 id
1637 2757 1729 2820 nos

401 2887 703 2991 Commovet
727 2891 780 2990 in
811 2890 1036 2995 tenebris
1050 2936 1064 3014 ;
1103 2896 1154 2995 in
1180 2895 1281 2996 luci
1310 2932 1425 3034 quae
1451 2893 1641 3030 poterit
1665 2931 1745 2994 res

288 3066 294 3077 ’
397 3065 647 3172 Accidere
674 3065 739 3165 ad
767 3068 1004 3203 speciem,
1034 3071 1283 3209 quadrata
1306 3070 1404 3170 nisi
1430 3068 1540 3205 ejus
1564 3068 1764 3207 imago?

472 3235 596 3338 Esse
622 3239 675 3336 in
701 3239 1011 3376 imaginibus
1038 3265 1350 3382 quapropter
1375 3279 1525 3342 causa
1548 3242 1752 3345 videtur

405 3412 681 3533 Cernendi,
708 3450 876 3550 neque
901 3439 1047 3552 posse
1074 3418 1180 3516 sine
1206 3414 1285 3516 his
1309 3454 1388 3515 res
1413 3415 1519 3515 ulla
1542 3415 1720 3521 videri.

403 3586 564 3690 Nunc
590 3622 664 3706 ea,
694 3623 810 3724 quae
837 3587 966 3710 dico,
994 3629 1163 3691 rerum
1189 3589 1470 3708 simulacra,
1496 3589 1733 3693 feruntur

402 3761 668 3902 Undique,
695 3784 747 3861 et
771 3761 822 3861 in
850 3789 1055 3867 cunctas
1072 3765 1335 3902 jaciuntur
1361 3763 1522 3863 didita
1547 3766 1764 3901 parteis3
1847 3837 1852 3849 ·

403 3935 618 4057 Verum,
644 3975 736 4037 nos
761 3939 920 4039 oculis
948 3942 1068 4080 quia
1092 3940 1209 4041 solis
1234 3976 1439 4039 cernere
1466 3941 1688 4078 quimuS,

404 4115 683 4254 Propterea
707 4119 783 4238 fit,
809 4119 905 4237 uti,
934 4115 1151 4253 speciem
1180 4151 1284 4251 quo
1306 4115 1565 4235 vertimus,
1591 4154 1766 4218 omnes

405 4288 508 4395 Res
532 4289 605 4390 ibi
631 4328 739 4391 eam
768 4314 944 4391 contra
968 4289 1157 4389 feriant
1179 4290 1342 4390 forma
1366 4314 1522 4430 atque
1547 4292 1743 4401 colore·

405 4464 476 4571 Et
500 4487 752 4604 quantum
780 4502 1004 4604 quaeque
1031 4505 1061 4565 a
1084 4464 1230 4565 nobis
1255 4505 1333 4566 res
1358 4463 1504 4584 absit,
1531 4464 1699 4603 imago

410 4637 584 4777 Efficit
608 4659 667 4737 ut
691 4636 968 4762 videamus,
995 4661 1048 4738 et
1070 4640 1409 4742 internoscere
1433 4663 1591 4741 curat.

408 4818 545 4922 Nam
573 4855 689 4918 cum
716 4817 951 4937 mittitur,
978 4816 1239 4953 extemplo
1264 4816 1523 4955 protrudit
1541 4817 1749 4956 agitque

406 4995 561 5112 Aera,
588 4997 677 5133 q'ui
703 4994 838 5095 inter
862 5032 914 5093 se
940 5029 1162 5132 eumque
1188 5015 1265 5093 est
1288 4992 1563 5129 oculosque
1588 4991 1813 5119 locatus3

409 5167 566 5311 Isque
592 5168 661 5269 ita
684 5206 780 5307 per
801 5191 998 5272 nostras
1022 5168 1152 5270 acies
1178 5160 1461 5307 perlabitur
1484 5165 1663 5286 omnis,
