4598 6112
467 507 542 631 m
785 512 844 601 r.
911 508 1346 619 nuenarii
1412 505 1677 639 cunr

475 779 610 884 Nam
639 808 795 914 quom
821 773 1078 909 oaecigeni,
1104 771 1220 872 solis
1246 771 1336 908 qui
1359 769 1553 869 lumina
1577 803 1856 905 nunquam,

469 953 784 1089 Adspexere‚
810 969 978 1047 tamen
1004 970 1313 1084 cognoscant
1336 983 1547 1082 corpora
1571 967 1725 1062 tactu,

473 1124 557 1227 Ex
582 1126 788 1258 ineunte
814 1157 921 1220 aevo
946 1119 1088 1219 nullo
1112 1120 1365 1221 contincta
1389 1118 1585 1240 colore3

474 1298 614 1401 Scire
639 1297 757 1395 licet
782 1293 939 1391 menti
965 1329 1173 1430 quoque
1198 1315 1382 1391 nostrae
1407 1328 1619 1429 corpora
1642 1326 1789 1427 posse
1899 1348 1902 1355 ·

380 1472 383 1476 ’
427 1441 432 1450 ’
476 1469 620 1572 Verti
647 1469 697 1568 in
727 1465 957 1566 notitiam
984 1463 1125 1564 nullo
1150 1464 1431 1565 circumlita
1456 1462 1586 1564 fuco.
1677 1496 1680 1503 ’

475 1642 716 1780 Denique
743 1677 833 1738 nos
858 1618 955 1774 ipsi
975 1637 1120 1736 caecis
1146 1673 1467 1776 quaecunque
1494 1639 1719 1741 tenebris

474 1814 770 1953 Tangimns,
797 1810 933 1912 haud
961 1810 1067 1909 ullo
1086 1812 1330 1919 sentimus
1354 1813 1513 1913 tincta
1537 1811 1721 1912 colore.

548 1987 704 2109 Quod
730 1988 970 2127 quoniam
993 1987 1141 2088 vinco
1166 1986 1291 2106 fieri,
1318 2025 1453 2087 nunc
1483 2023 1589 2087 esse
1616 1983 1824 2087 docebo.

478 2163 661 2268 Omnis
685 2164 819 2263 enim
846 2162 983 2278 color
1008 2163 1214 2275 omnino
1239 2183 1465 2262 mutatur
1489 2163 1540 2261 in
1568 2163 1790 2261 omneis:

480 2337 632 2458 Quod
653 2337 816 2438 facere
842 2330 979 2435 haud
999 2336 1107 2435 ullo
1133 2333 1323 2436 debent
1346 2333 1624 2472 primordia
1647 2354 1829 2469 pacto;

479 2508 803 2612 Immntabile
828 2510 965 2609 enim
992 2509 1237 2647 quiddam
1263 2544 1500 2646 superare
1526 2543 1731 2606 necesse
1757 2527 1848 2626 est,

393 2664 396 2671 Ι
481 2681 567 2788 Ne
594 2721 673 2783 res
697 2681 762 2782 ad
788 2681 1005 2785 nihilum
1031 2682 1329 2821 redigantur
1352 2681 1584 2784 funditus
1608 2718 1798 2782 omnes.

480 2857 535 2962 N
539 2826 620 2959 ani
647 2822 1007 2997 quodcunque
1020 2858 1121 2959 suis
1145 2880 1399 2960 mutatum
1424 2853 1613 2958 finibus
1638 2855 1759 2975 exit,

481 3031 739 3133 Continuo
764 3029 859 3132 hoc
887 3069 1019 3132 mors
1038 3055 1114 3133 est
1138 3033 1274 3134 illius
1301 3031 1440 3169 quod
1467 3029 1566 3132 fuit
1590 3053 1727 3146 ante.

483 3201 703 3305 Proinde
729 3205 894 3304 colore
919 3242 1037 3304 cave
1063 3205 1326 3342 contingas
1352 3204 1543 3304 semina
1565 3242 1751 3324 rerum,

432 3484 435 3491 ,
485 3374 571 3481 Ne
596 3377 691 3478 tibi
717 3415 796 3478 res
820 3377 1032 3478 redeant
1054 3376 1120 3477 ad
1146 3378 1307 3478 nilum
1334 3376 1568 3479 funditus
1592 3415 1781 3480 omnes.

482 3552 756 3672 Praeterea‚
784 3555 823 3654 si
849 3554 993 3656 nulla
1017 3553 1198 3654 coloris
1221 3554 1482 3692 principiis
1508 3575 1584 3652 est

486 3725 708 3827 Reddita
730 3749 930 3848 natura,
951 3751 1004 3828 at
1027 3731 1175 3830 variis
1202 3752 1321 3831 sunt
1347 3729 1562 3867 praedita
1586 3727 1776 3846 formis,

488 3899 534 4002 E
560 3901 747 4040 quibus
772 3904 1068 4040 omnigenos
1093 3906 1315 4043 gignunt
1336 3908 1634 4042 variantque
1660 3902 1879 4027 colores3

488 4074 767 4211 (Praeterea
791 4082 961 4217 magni
989 4080 1127 4219 quod
1155 4080 1311 4182 refert
1335 4081 1527 4181 semina
1550 4117 1776 4219 quaeque

492 4247 623 4349 Cum
652 4247 855 4388 quibus,
880 4274 934 4351 et
959 4255 1099 4391 quali
1125 4255 1351 4390 positura
1374 4257 1747 4372 contineantur,

490 4423 560 4526 Et
585 4463 711 4564 quos
736 4426 871 4525 inter
896 4463 947 4526 se
974 4427 1097 4525 dent
1121 4448 1287 4526 motus
1310 4425 1691 4563 accipiantque)

407 4696 412 4701 .
489 4597 733 4700 Perfacile
760 4600 1016 4737 extempio
1034 4599 1284 4717 rationem!
1305 4596 1516 4698 reddere
1536 4598 1713 4737 possis,

494 4773 601 4875 Cur·
621 4808 699 4894 ea,
727 4810 844 4910 quae
868 4773 1020 4911 nigro
1041 4770 1230 4876 fuerint
1252 4775 1428 4914 paullo
1452 4798 1568 4881 ante
1595 4775 1778 4894 colore,

494 4936 781 5048 Marmoreo
805 4945 912 5046 fieri
927 4951 1129 5085 possint
1150 4951 1369 5051 candore
1395 4973 1635 5088 repente:

344 5162 345 5166 ‘
493 5118 571 5225 Ut
594 5158 746 5240 mare,
774 5160 931 5260 quom
958 5125 1130 5265 magni
1152 5128 1474 5229 commdrunt
1499 5162 1707 5264 aequora
1729 5124 1883 5244 venti,
1986 5188 1994 5196 ·
2071 5138 2076 5147 '
