4598 6112
701 530 974 622 LIBER
1037 529 1449 623 QUINTUS.
1693 512 1815 632 ‘189

314 786 471 892 Nunc
498 791 648 892 etiam
676 791 837 909 scatit,
865 812 916 888 et
941 791 1142 928 trepido
1169 810 1360 891 terrore
1385 790 1581 926 repleta
1607 812 1684 889 est

314 961 414 1064 Per
433 1002 639 1064 nemora
656 1003 712 1065 ac
732 966 946 1064 monteis
967 1002 1193 1103 magone,
1216 966 1484 1104 sylvasque
1502 964 1813 1102 profundas3

315 1139 447 1261 Quae
473 1143 582 1242 loca
607 1142 798 1242 vitandi
823 1139 1128 1276 plerumque
1155 1159 1425 1238 estnostra
1451 1159 1688 1276 potestne.

383 1316 455 1416 At
479 1317 574 1416 nisi
600 1338 876 1454 purgatum
904 1335 980 1412 est
1004 1334 1197 1449 peetus,
1227 1351 1347 1451 quae
1374 1312 1551 1450 proelia
1576 1310 1738 1433 nobis,

311 1483 485 1626 Atque
510 1491 738 1627 pericula
762 1511 884 1590 tunc
908 1487 1123 1625 ingratis
1148 1486 1547 1588 insinuandum?

314 1662 536 1782 Quantae
562 1664 899 1765 conscindunt
923 1661 1179 1762 hominem
1206 1659 1507 1799 cuppedinis
1534 1695 1672 1760 acres

315 1835 598 1939 Sollicitum
625 1843 792 1941 eurael
833 1839 1118 1979 quantique
1144 1834 1358 1975 perinde
1384 1838 1620 1939 timores?

315 2008 518 2130 Quidue
545 2012 798 2151 superbia,
828 2012 1109 2152 spurcities,
1136 2010 1435 2148 petulantia,
1464 2034 1681 2151 quantas

298 2183 558 2333 ‘Efficiunt
582 2189 799 2290 cladeisl
838 2186 965 2326 quid
991 2187 1159 2307 luxua,
1187 2185 1540 2327 desidiesquel

385 2361 514 2465 Haec
537 2365 697 2503 igitur
723 2366 813 2503 qui
840 2385 1021 2465 cuncta
1047 2359 1320 2500 subegerit,
1342 2400 1404 2462 ex
1431 2364 1704 2504 animoque

314 2532 588 2672 Expulerit
612 2538 774 2658 dictis,
802 2575 904 2638 non
932 2537 1098 2656 armis,
1120 2574 1288 2637 nonne
1315 2535 1516 2637 decebit

315 2708 470 2812 Hunc
490 2710 749 2812 bominem
774 2749 987 2812 numero
1013 2710 1184 2810 divum
1213 2708 1471 2849 dignarier
1496 2715 1634 2814 essel

315 2881 485 3004 Quom
511 2884 642 2987 bene
669 2888 948 3023 praesertim
974 2887 1150 3005 multa,
1179 2924 1235 2986 ae
1262 2885 1504 2986 divinitus
1530 2887 1652 3024 ipsis

305 3056 691 3160 immortalibus
717 3059 782 3160 de
808 3060 935 3161 divis
960 3058 1080 3159 dare
1108 3057 1242 3158 dieta
1269 3060 1443 3178 sucrit,

312 3232 487 3371 Atque
512 3230 715 3335 ornnem
741 3204 912 3335 rerum
939 3255 1171 3334 naturam
1198 3231 1422 3372 pandere
1448 3231 1612 3336 dictis.

385 3406 585 3528 Quoius
611 3448 707 3548 ego
733 3388 988 3547 ingressus
1012 3411 1240 3544 vestigia,
1267 3448 1404 3511 nunc
1429 3413 1647 3513 rationes
1708 3454 1714 3465 ·

313 3582 616 3723 Persequor,
643 3622 700 3685 ac
725 3582 883 3684 doceo
910 3582 1078 3701 dictis,
1101 3621 1205 3721 quo
1231 3564 1453 3722 quae⁰que
1479 3608 1647 3686 creata

314 3757 524 3859 Foedere
549 3760 665 3880 sint,
691 3761 744 3860 in
772 3796 1009 3898 ecquam
1035 3759 1100 3859 sit
1123 3757 1305 3858 durare
1326 3797 1616 3886 necessum3

315 3931 430 4037 Nee
455 3933 646 4036 validas
673 3934 765 4036 aevi
791 3935 992 4034 valeant
1015 3931 1298 4033 rescindere
1324 3931 1478 4072 leges.
1608 4054 1612 4063 Ι

270 4208 275 4216 .
315 4108 434 4230 Quo
458 4145 645 4247 genere
669 4108 721 4207 in
747 4107 926 4245 primis
950 4106 1104 4208 animi
1129 4129 1312 4207 natura
1335 4130 1537 4245 reperta
1562 4132 1638 4210 est

315 4283 507 4386 Nativo
533 4284 755 4421 primum
780 4280 1050 4381 consistere
1078 4314 1287 4418 corpore
1312 4304 1477 4405 creta;

314 4456 429 4560 Nec
454 4496 601 4597 posse
625 4455 891 4558 incolumis
914 4492 1157 4596 magnum
1178 4453 1361 4556 durare
1387 4493 1480 4593 per
1504 4496 1694 4560 aevom:

315 4631 417 4734 Sed
444 4631 711 4734 simulacra
736 4630 893 4730 solere
919 4630 973 4730 in
1000 4630 1185 4731 somnis
1210 4629 1385 4731 fallere
1411 4652 1650 4752 mentem,

314 4804 536 4919 Cernere
563 4841 720 4943 quom
744 4801 1007 4904 videamur
1031 4840 1148 4902 eum
1170 4842 1325 4942 quern
1351 4806 1454 4905 vita
1477 4807 1706 4945 reliquit.
1797 4793 1801 4803 ⁵

383 4978 536 5100 Quod
566 5001 809 5116 superest,
836 5017 974 5080 nunc
999 5015 1081 5078 me
1107 4978 1206 5078 hue
1234 4978 1439 5078 rationis
1460 4979 1647 5080 detulit
1664 4978 1806 5104 ordo,

312 5152 555 5274 Ut‘mihi,
582 5153 781 5255 mortali
806 5153 1076 5255 consistere
1102 5189 1313 5293 corpore
1338 5154 1609 5279 mundum,
