4598 6112
776 502 1054 593 LIBER
1119 499 1548 595 QUARTUS.
1803 493 1901 592 143

310 700 315 708 -
406 755 624 899 Semper
648 764 784 861 enim
811 799 1064 862 summum
1091 759 1350 900 quidquid
1378 761 1441 861 de
1466 755 1617 859 rebus
1643 755 1873 861 abundat

409 930 566 1051 Quod
586 935 908 1072 jaculentur:
948 959 1000 1037 et
1025 935 1121 1037 hoe
1147 935 1270 1035 alias
1293 973 1408 1035 eum
1434 936 1666 1072 pervenit
1690 935 1742 1033 in
1769 974 1865 1059 res,

403 1104 626 1228 Transit,
653 1111 786 1209 utin
814 1110 993 1247 primis
1017 1131 1240 1210 vestem:
1279 1110 1369 1210 ¹sed
1394 1110 1448 1209 in
1474 1147 1650 1246 aspera
1676 1149 1812 1235 saxa,

403 1281 513 1382 Aut
537 1284 589 1383 in
615 1284 875 1384 materiem
902 1306 961 1382 ut
982 1283 1110 1420 ligni
1138 1286 1385 1419 pervenit,
1407 1283 1476 1383 ibi
1495 1285 1604 1420 jam

407 1456 687 1582 Scinditur,
714 1483 773 1561 ut
798 1460 994 1560 nullum
1023 1458 1348 1560 simulacrum
1374 1458 1588 1559 reddere
1613 1461 1788 1597 possit.

399 1631 475 1733 At
500 1672 617 1734 oum
643 1632 911 1771 splendida
935 1671 1053 1771 quae
1082 1654 1314 1734 constant
1338 1656 1552 1771 opposta
1577 1633 1801 1757 fuerunt,

404 1803 769 1947 Densaque,nt
782 1809 831 1907 in
849 1808 1304 1945 primisaspeoulnm
1316 1832 1406 1929 est,
1425 1808 1552 1909 nibil
1568 1811 1752 1912 accidit
1767 1812 1971 1936 horum3

408 1976 545 2081 Nam
574 2018 740 2119 neque
767 1982 842 2080 uti
867 2004 1056 2082 vestem
1081 1985 1240 2119 possit
1264 1987 1495 2102 transire,
1520 2023 1689 2124 neque
1716 2009 1831 2088 ante

406 2154 598 2276 Scindi,
627 2193 783 2294 quam
808 2156 1039 2255 meminit
1062 2155 1217 2257 laevor
1240 2180 1483 2296 praestare
1507 2159 1745 2259 salutem:

405 2327 739 2468 Quapropter
762 2331 838 2450 fit,
866 2351 926 2429 ut
949 2326 1068 2429 hinc
1094 2329 1240 2431 nobis
1265 2332 1531 2433 simulacra
1556 2357 1812 2471 genantur
1826 2374 1840 2459 ;

406 2504 475 2606 Et
503 2507 731 2644 quamvis
758 2501 944 2624 subito,
971 2502 1150 2639 quovis
1175 2505 1229 2605 in
1255 2528 1499 2643 tempore,
1529 2543 1788 2646 quamque

403 2681 532 2785 Rem
560 2705 734 2784 contra
760 2680 1023 2819 speculum
1048 2717 1227 2817 ponae,
1252 2702 1463 2818 apparet
1487 2679 1687 2819 imago:

378 2964 380 2968 ,
402 2854 661 2996 Perpetuo
686 2858 844 2956 fluere
870 2878 931 2956 ut
954 2891 1130 2954 noscas
1156 2895 1183 2955 e
1210 2893 1419 2993 corpore
1445 2893 1643 2956 summo

399 3029 654 3134 Texturas
680 3005 850 3131 rerum
876 3031 1093 3150 tenneiS,
1116 3031 1418 3169 tenueisque
1444 3031 1650 3169 figuras

402 3204 544 3346 Ergo
573 3207 733 3305 multa
757 3202 897 3305 brevi
925 3206 1088 3342 spatio
1114 3204 1380 3305 simulacra
1404 3227 1681 3342 genuntur,

400 3383 477 3491 Ut
503 3386 682 3486 merito
708 3383 841 3484 celer
865 3379 945 3480 bis
970 3379 1123 3480 rebus
1149 3377 1348 3479 dicatur
1371 3380 1530 3518 origo.

471 3559 540 3659 Et
566 3560 709 3696 quasi
736 3556 897 3656 multa
923 3553 1063 3654 brevi
1090 3555 1252 3691 spatio
1277 3552 1572 3656 submittere
1600 3555 1756 3659 debet

360 3786 367 3799 ·
403 3730 624 3835 Lumina
649 3731 738 3850 sol,
770 3753 825 3829 ut
852 3751 1099 3867 perpetuo
1126 3731 1226 3829 sint
1252 3730 1420 3829 omnia
1442 3730 1596 3866 plena
1611 3772 1625 3855 3

403 3906 485 4008 Sic
512 3944 542 4005 a
570 3904 718 4004 rebus
744 3904 865 4002 item
893 3904 1043 4003 simili
1069 3904 1261 4003 ratione
1285 3941 1488 4004 neeesse
1513 3928 1590 4005 est

399 4078 664 4218 Temporis
689 4080 742 4179 in
768 4101 960 4221 puncto
986 4115 1155 4178 rerum
1181 4079 1446 4177 simulacra
1469 4075 1700 4179 ferantur

400 4253 574 4356 Multa
598 4253 759 4354 modis
786 4253 957 4352 multis
982 4253 1034 4351 in
1061 4274 1267 4352 cunetas
1292 4252 1523 4392 undique
1548 4254 1772 4390 parteis:

402 4428 831 4567 Quandoquidem
856 4427 1117 4565 speculum
1135 4427 1444 4566 quocunque
1459 4424 1785 4551 obvertimus,
1795 4431 1892 4530 oris

400 4603 502 4707 Res
528 4605 599 4747 ibi
626 4604 937 4743 respondent
963 4602 1109 4702 simili
1136 4599 1299 4703 forma
1317 4625 1472 4742 atque
1499 4604 1680 4719 colore.

468 4777 740 4901 Praeterea,
766 4779 918 4880 modo
945 4816 1102 4916 quom
1128 4774 1284 4878 fuerit
1307 4778 1644 4914 liquidissima
1668 4779 1779 4879 coeti

397 4951 713 5092 Tempestas,
740 4992 991 5093 perquam
1018 4952 1186 5054 subito
1209 4953 1271 5052 fit
1294 4949 1501 5089 turbida
1525 4951 1656 5052 foede

399 5127 664 5270 Undique,
691 5130 767 5232 uti
793 5127 1029 5231 tenebras
1054 5129 1248 5230 omneis
1270 5124 1569 5229 Acherunta
1591 5129 1746 5231 rearis
