4598 6112
404 513 502 622 196
773 524 832 610 'tt
888 521 1320 612 LUCRETH
1387 520 1599 612 CARI

472 779 605 880 Tum
630 819 782 918 porro
807 818 951 918 puer,
983 804 1037 880 ut
1062 783 1205 883 saevis
1229 780 1484 919 projectus
1510 778 1574 880 ab
1603 780 1752 879 undis

405 954 610 1074 Navita,
640 957 807 1056 nudus
833 953 974 1055 humi
992 956 1145 1093 jacet,
1172 954 1353 1076 infanS,
1381 955 1587 1093 indigus
1612 953 1749 1053 omni

404 1129 543 1230 Vitai‘
569 1132 775 1249 auxilio,
798 1169 950 1269 quom
980 1131 1198 1267 primum
1225 1130 1278 1228 in
1304 1131 1509 1228 luminis
1527 1167 1638 1229 oras

405 1303 631 1406 Nixibus
657 1345 719 1404 ex
747 1308 858 1408 alvo
884 1308 1056 1407 matris
1083 1327 1262 1406 natura
1289 1303 1518 1441 profudit
1534 1346 1547 1428 ;

387 1478 699 1618 Vagituque
725 1481 891 1581 locum
918 1482 1127 1622 lugubri
1154 1483 1390 1620 complet,
1413 1506 1471 1583 ut
1497 1519 1704 1621 aequum
1731 1502 1826 1600 est,

403 1651 538 1773 Quoi
561 1676 758 1755 tantum
786 1657 837 1757 in
864 1660 967 1759 vita
992 1681 1146 1760 restet
1170 1660 1383 1759 transire
1408 1658 1673 1759 malorum.

403 1830 472 1929 At
495 1831 646 1930 variae
672 1856 906 1932 crescunt
929 1833 1168 1970 pecudes,
1197 1858 1440 1955 armenta,
1466 1835 1722 1972 feraeque3

402 2002 455 2105 N
461 2043 516 2104 ec
533 2007 841 2142 crepitacula
855 2008 926 2107 eis
940 2044 1070 2144 opus
1085 2031 1176 2129 θεῖ,
1192 2049 1283 2112 nec
1295 2013 1572 2150 quoiquam
1591 2000 1882 2110 adhibenda
1895 2032 1972 2111 est

401 2181 565 2281 Almae
593 2183 801 2281 nutricis
829 2183 1015 2287 blanda
1040 2211 1195 2326 atque
1223 2190 1434 2290 infracta
1462 2184 1694 2323 loquela:

404 2353 516 2456 Nec
542 2358 700 2456 varias
728 2384 967 2497 quaeruut
990 2366 1171 2464 vesteis
1198 2402 1290 2502 pro
1316 2386 1545 2500 tempore
1570 2362 1698 2464 coeli.
1735 2405 1740 2415 ·

403 2529 643 2670 Denique
669 2572 768 2631 non
797 2537 946 2635 armis
972 2575 1102 2674 opus
1128 2558 1220 2660 est,
1248 2577 1349 2637 non
1377 2535 1627 2637 moenibus
1652 2534 1782 2655 altis,

403 2704 563 2826 Queis
589 2746 680 2808 sua
703 2730 951 2830 tutentur,
979 2711 1186 2848 quando
1212 2688 1450 2812 clunibus
1474 2711 1644 2810 omnia
1668 2711 1808 2848 large

399 2878 574 2981 'l'ellus
600 2882 708 3018 ipsa
735 2883 882 3017 parit,
910 2885 1416 3023 naturaqua'daedala
1440 2921 1624 2984 rerum.

473 3054 746 3193 Principio,
774 3058 1014 3191 quoniam
1042 3068 1193 3160 terrai
1218 3097 1418 3198 corpus,
1445 3084 1498 3160 θῖ
1526 3059 1722 3180 humor,
1762 3158 1767 3167 ,

400 3230 762 3367 Aurarumque
785 3231 1143 3353 levesanimae,
1170 3236 1426 3374 calidique
1451 3275 1678 3373 vapores

402 3403 447 3506 E
474 3404 661 3544 quibus
688 3403 796 3505 haec
823 3443 988 3506 rerum
1016 3411 1288 3509 consistere
1314 3447 1510 3509 summa
1533 3410 1753 3528 videtur,

403 3585 594 3685 Omnia
618 3582 788 3680 nativo
814 3619 871 3680 ac
896 3582 1097 3681 mortali
1117 3620 1327 3720 corpore
1352 3608 1612 3686 constant:

401 3758 576 3863 Debet
601 3781 705 3857 tota
728 3757 906 3857 eadem
932 3758 1111 3858 mundi
1136 3779 1320 3856 natura
1352 3760 1537 3895 putari.

400 3935 611 4072 Quippe
636 3936 825 4033 etenim
853 3969 1075 4070 quorum
1099 3934 1285 4068 parteis
1311 3957 1375 4033 et·
1388 3932 1616 4034 membra
1642 3933 1871 4034 videmus
1982 4020 2016 4071 .-

403 4110 630 4247 Corpore
656 4111 825 4210 nativo
851 4131 903 4207 et
928 4105 1225 4207 mortalibus
1249 4147 1356 4208 θεεθ
1382 4109 1590 4245 figuris3

403 4284 530 4386 Haec
557 4284 731 4383 eadem
759 4285 919 4384 ferme
946 4285 1178 4384 mortalia
1203 4286 1457 4385 cernimus
1477 4319 1600 4400 θεεθ,

402 4457 472 4561 Εῖ
496 4461 664 4560 nativa
690 4460 855 4561 simul.
929 4454 1268 4594 Quapropter¹
1283 4459 1503 4559 maxima
1527 4451 1706 4554 mundi

262 4608 276 4621 „
401 4631 571 4755 Quom
592 4634 790 4736 vid-eam
810 4630 1038 4731 membra
1061 4668 1120 4732 ao
1143 4633 1332 4768 parteis
1352 4653 1652 4768 consumpta
1677 4628 1896 4768 regigni,

400 4806 538 4910 Scire
565 4810 699 4930 licet,
727 4809 838 4909 coeli
866 4807 1236 4946 quoque-idem
1263 4831 1519 4948 terraeque
1544 4808 1698 4910 fuisse
1781 4874 1786 4884 ·

400 4982 703 5124 Principiale
729 4950 934 5123 aliquod
962 5005 1179 5120 temp-us,
1206 4983 1505 5123 clademque
1531 4984 1774 5087 futuram.

467 5163 608 5265 lllnd
633 5168 683 5265 in
711 5165 789 5266 his
815 5163 968 5265 rebus
993 5202 1058 5265 ne
1085 5200 1166 5265 me
1193 5162 1463 5300 arripuisse
1489 5160 1660 5282 rearis,
