4598 6112
795 543 1069 634 11111
1133 543 1482 638 snxrus
1781 542 1883 648 119
1992 535 2000 547 ’

389 790 499 900 Aut
523 801 645 901 alios
669 797 935 903 hominnm
960 825 1150 940 pastus,
1178 804 1541 943 pecudumque
1567 802 1793 910 cibatus:

389 973 498 1075 Aut
524 977 676 1077 etiam
702 1014 944 1115 suspensa
967 987 1144 1077 manet
1162 979 1236 1078 vis
1262 981 1376 1080 1111
1401 981 1455 1080 in
1481 981 1625 1119 ipso;

391 1146 461 1250 Et
487 1188 640 1288 quom
668 1153 936 1290 spiranteis
961 1152 1132 1252 mistas
1159 1148 1277 1252 hinc
1298 1136 1530 1255 ducimus
1555 1193 1719 1275 auras,
1815 1196 1824 1277 j

392 1323 490 1426 Illa
514 1365 722 1467 quoque
749 1327 801 1427 in
827 1343 1010 1466 corpu's
1033 1327 1226 1466 pariter
1251 1325 1455 1429 sorbere
1479 1366 1679 1430 necesse
1705 1351 1796 1432 est.

363 1487 364 1490 Ὺ
395 1498 658 1602 Consimili
683 1503 876 1602 ratione
901 1503 1041 1604 venit
1066 1499 1236 1602 bubus
1262 1539 1472 1640 quoque
1497 1540 1634 1642 saepe

392 1673 662 1797 Pestilitas,
689 1675 841 1777 etiam
867 1674 1096 1814 pecubus
1121 1674 1412 1777 balantibus
1437 1713 1617 1815 aegror.
1729 1649 1735 1658 ’

393 1846 448 1951 N
452 1889 509 1951 ec
535 1849 691 1950 refert
717 1873 888 1951 utrum
913 1887 1005 1950 nos
1030 1851 1081 1949 in
1109 1850 1220 1951 loca
1245 1850 1572 1952 deveniamus

394 2020 561 2124 Nobis
587 2024 810 2146 adversa,
838 2046 889 2124 et
913 2023 1026 2125 coeli
1051 2047 1307 2126 mutemus
1332 2025 1602 2149 amictum3

391 2198 477 2299 An
503 2199 686 2299 coelum
712 2197 858 2300 nobis
884 2199 1019 2298 ultro
1044 2222 1227 2301 natura
1253 2222 1521 2301 cruentum

395 2371 624 2496 Deferat,
652 2395 743 2474 aut
766 2371 964 2512 aliquid
992 2411 1097 2512 quo
1123 2414 1225 2476 non
1252 2377 1605 2477 consuevimus
1632 2378 1725 2498 uti,

371 2539 549 2669 Quod
578 2587 669 2650 nos
694 2549 915 2651 adventu
940 2550 1101 2688 possit
1124 2570 1320 2650 tentare
1345 2551 1552 2652 recenti.

468 2722 597 2826 Haec
622 2728 750 2827 ratio
777 2723 1038 2866 quondam
1064 2724 1374 2847 morborum,
1401 2749 1454 2827 et
1477 2726 1706 2829 mortifer
1731 2730 1819 2831 air

398 2903 610 3008 Finibus
639 2903 899 3042 Cecropiis
922 2901 1150 3003 funestos
1175 2903 1399 3004 reddidit
1423 2941 1586 3042 agnon,

396 3078 730 3222 Vastavitque
754 3081 875 3200 vias,
903 3076 1139 3181 exhausit
1163 3075 1356 3179 civibus
1382 3075 1578 3179 urbem.

398 3253 537 3358 Nam
562 3257 768 3394 penitus
791 3255 997 3357 veniens
1021 3252 1243 3394 AEgypti
1270 3294 1297 3355 1
1323 3252 1511 3356 finibus
1537 3276 1696 3376 ortus,

396 3432 533 3533 Aera
556 3468 853 3569 permensus
879 3430 1111 3551 multum,
1136 3456 1445 3568 camposque
1471 3430 1738 3550 natanteis,

367 3690 370 3695 .
398 3603 644 3708 Incubuit
666 3604 874 3705 tandem
898 3581 1094 3742 populo
1118 3600 1423 3704 Pandionis:
1464 3641 1638 3705 omnes

397 3777 528 3884 Inde
554 3779 846 3882 catervatim
870 3777 1048 3879 morbo
1072 3778 1326 3914 mortique
1352 3758 1635 3903 dabantur.¹

468 3953 743 4094 Principio,
771 3977 926 4094 capnt
950 3955 1211 4056 incensum
1238 3955 1432 4056 fervore
1457 3953 1720 4092 gerebant,
1877 4027 1879 4031 <

400 4128 470 4231 Et
494 4129 749 4268 dupliceis‘
768 4099 939 4229 oculos
965 4127 1156 4231 suffusa
1180 4131 1294 4233 luce
1319 4129 1596 4231 rubenteis

401 4300 668 4406 Sudabant
692 4304 842 4404 etiam
867 4303 1037 4406 fauces
1060 4305 1361 4407 intrinsecus
1387 4327 1496 4405 atro

400 4478 678 4618 Sanguine,
705 4503 758 4580 et
782 4478 1036 4580 ulceribus
1060 4482 1195 4582 vocis
1219 4482 1300 4580 via
1325 4502 1469 4617 septa
1494 4477 1691 4601 coibat3
1793 4488 1796 4498 '

398 4654 573 4792 Atque
600 4654 1029 4791 animiinterpres
1055 4655 1294 4756 manabat
1315 4656 1492 4793 lingua
1517 4691 1710 4772 cruore,
1833 4700 1840 4721 ,

402 4828 685 4932 Debilitata
708 4828 867 4948 malis,
894 4851 1036 4929 motu
1061 4832 1245 4967 gravis,
1272 4866 1450 4967 aspera
1473 4849 1641 4928 tactu:

201 5094 206 5111 .
339 5021 340 5024 ‘
401 5003 549 5125 Inde,
576 5001 667 5104 ubi
692 5041 786 5142 per
809 5002 996 5105 fauceis
1022 5027 1200 5142 pectus
1225 5003 1519 5142 complerat,
1547 5024 1599 5102 et
1621 5003 1787 5140 ipsum

402 5178 645 5284 Morbida
668 5179 742 5281 vis
767 5177 821 5278 in
846 5216 933 5281 cor
958 5203 1193 5282 moestum
1218 5181 1535 5283 confluxerat
1556 5178 1724 5319 „aegris
1858 5191 1861 5197 ’
1904 5316 1909 5324 1

1123 5361 1140 5410 2
1151 5369 1171 5416 Q
