4598 6112
479 498 583 602 184'
842 505 900 593 T.
955 499 1390 592 LUCRETII
1456 497 1670 593 CARI

477 730 702 903 Corpore
729 759 793 877 de
818 763 984 900 patrio
1009 784 1061 862 et
1085 786 1312 877 materno
1339 761 1584 896 sanguine
1610 783 1878 881 crescunt·

476 941 680 1042 Semina
706 978 861 1078 quom
889 935 1102 1039 Veneris
1128 941 1342 1043 stimulis
1368 941 1533 1042 excita
1557 980 1651 1079 per
1675 964 1814 1043 artus

477 1114 645 1216 Obvia
670 1115 901 1214 coullixit
924 1115 1220 1250 conspirans
1246 1139 1454 1216 mutuus
1479 1119 1645 1235 ardor,

405 1395 408 1400 ,
478 1290 545 1392 Et
569 1329 735 1429 neque
755 1312 927 1391 utrum
956 1290 1211 1424 superavit
1236 1328 1426 1411 eorum,
1448 1333 1542 1396 nec
1561 1310 1964 1429 superatumest.

476 1465 558 1566 Fit
584 1504 810 1604 quoque,
838 1485 897 1563 ut
921 1459 1178 1562 interdum
1206 1464 1392 1567 similes
1417 1469 1657 1568 exsistere
1683 1502 1892 1567 avorum

475 1637 691 1758 Possint,
720 1660 771 1737 et
795 1635 1018 1737 referant
1040 1674 1342 1773 proavorum
1369 1679 1504 1780 saepe
1531 1643 1738 1781 figuras

475 1811 767 1951 Propterea,
796 1814 919 1952 quia
943 1816 1105 1917 multa
1130 1818 1293 1920 modis
1317 1821 1596 1957 primordia
1620 1820 1794 1921 multis

476 1988 633 2090 Mista
659 2028 749 2091 suo
775 1990 942 2090 celant
966 1991 1017 2091 in
1045 2032 1254 2131 corpore
1280 2034 1417 2133 saepe
1445 2017 1697 2133 parentes,

477 2165 609 2287 Quae
636 2165 865 2310 patribus
889 2189 1059 2303 patres
1083 2169 1296 2306 tradunt
1319 2209 1349 2270 a
1374 2172 1531 2308 stirpe
1556 2169 1812 2308 profecta:

475 2341 604 2444 Inde
629 2340 805 2445 Venus
830 2345 967 2457 varia
991 2343 1229 2479 producit
1255 2367 1386 2448 sorte
1413 2344 1604 2483 figuras
1621 2364 1648 2468 ;'

475 2515 837 2655 Majorurnque
863 2517 1017 2621 refert
1042 2524 1222 2643 voltus,
1250 2562 1516 2663 vocesque,
1544 2558 1845 2658 comasque3
1969 2603 1972 2607 J

477 2691 909 2830 Quandoquidem
935 2692 1094 2800 nihilo
1121 2698 1287 2800 minus
1312 2695 1421 2798 haec
1448 2697 1511 2796 de
1538 2695 1728 2796 semine
1754 2717 1891 2794 certo

475 2867 647 2987 Fiunt,
674 2904 830 3006 quam
854 2864 1022 2988 facies,
1049 2891 1101 2970 ct
1120 2909 1351 3008 corpora,
1379 2870 1708 3008 membraque
1734 2866 1896 2969 nobis.

476 3039 545 3142 Et
570 3039 817 3142 muliebre
842 3042 1005 3152 oritur
1029 3047 1194 3180 patrio
1220 3046 1284 3149 de
1310 3050 1498 3149 semiue
1523 3045 1759 3167 saeclum3

476 3214 818 3355 Maternoque
845 3257 1006 3323 mares
1032 3223 1283 3325 exsistunt
1305 3259 1516 3360 corpore
1541 3219 1681 3320 creti.

476 3390 688 3530 Semper
714 3392 848 3492 enim
874 3415 1051 3525 partus
1076 3393 1270 3532 duplici
1293 3395 1361 3494 de
1386 3395 1578 3497 semine
1604 3386 1828 3508 constat;

473 3568 666 3706 Atque,
695 3568 795 3670 utri
821 3568 982 3668 simile
1003 3591 1082 3689 est
1093 3569 1253 3707 magis
1278 3568 1348 3704 id,
1369 3568 1733 3707 quodcumque
1753 3585 1967 3683 creatur,

478 3739 605 3880 Ejus
632 3738 788 3840 habet
810 3708 927 3878 plus
951 3766 1096 3878 parte
1122 3782 1287 3882 aequa,
1309 3745 1449 3884 quod
1475 3782 1678 3845 cernere
1704 3743 1880 3882 possis,

479 3921 593 4022 Sive
618 3921 781 4021 vintlm
808 3916 1024 4038 suboles
1052 3919 1153 4020 sivc
1179 3943 1255 4021 est
1278 3918 1539 4032 muliebris
1564 3920 1723 4057 origo.

548 4093 601 4230 N
606 4133 661 4196 cc
688 4093 858 4194 divina
883 4114 1047 4193 satum
1073 4096 1343 4230 genitalem
1372 4096 1581 4197 numina
1601 4096 1884 4234 quoiquam

433 4298 439 4313 ·
477 4271 797 4391 Absterrent,
823 4293 970 4407 pater
995 4309 1024 4370 a
1049 4272 1180 4371 uatis
1204 4309 1268 4371 nc
1295 4268 1530 4371 dulcibus
1550 4307 1777 4410 unquam

480 4449 802 4587 Adpelletur,
829 4471 882 4547 et
905 4471 966 4550 ut
981 4448 1147 4571 ¹sterili
1174 4444 1374 4546 Venere
1399 4445 1572 4580 exigat
1597 4480 1788 4564 aev0m3

478 4624 631 4747 Quod
660 4627 892 4764 plerique
918 4645 1132 4762 putant:
1170 4643 1221 4721 et
1245 4618 1406 4723 multo
1428 4615 1685 4752 sanguine¹
1703 4614 1866 4717 moesti

481 4799 844 4940 Conspergunt
868 4838 996 4918 aras,
1023 4796 1333 4933 adolentque
1359 4790 1536 4923 altaria
1560 4787 1722 4908 donis

479 4974 556 5078 Ut
580 4979 811 5114 gravidas
836 4976 1054 5077 reddant
1077 5008 1262 5075 uxores
1288 4970 1476 5071 semine
1502 4964 1660 5103 largo,

482 5149 854 5291 Nequidquam
880 5153 1046 5255 divdm
1074 5185 1278 5267 numen,
1308 5145 1586 5282 sorteisque
1611 5142 1856 5283 fatigant:
