4620 6106
674 557 680 567 ·
761 492 1037 629 mnne
1100 529 1450 627 surmus·
1673 521 1680 677 ss
1746 525 1850 631 ‘ass

356 787 671 929 Corporibus
697 789 770 892 vis
794 814 886 912 est,
912 813 965 892 et
987 788 1289 894 laevibusex
1316 786 1603 908 elementis,
1744 822 1747 827 ·

358 963 490 1084 Quae
516 966 660 1069 facile
686 966 1023 1086 insinuantur,
1050 989 1103 1071 et
1126 967 1380 1069 insinuata
1404 984 1615 1100 repente
1674 1040 1678 1045 -
1814 1000 1819 1062 ῑ

357 1135 657 1243 Dissolvunt
679 1140 838 1242 nodos
862 1141 1069 1259 omneis,
1095 1162 1149 1242 et
1172 1139 1337 1240 vinela
1361 1138 1611 1239 relaxant..

425 1316 823 1454 Auetumnoque
848 1314 1009 1452 magis
1035 1314 1192 1425 stellis
1217 1312 1534 1453 fulgentibus
1560 1312 1666 1415 alta
1867 1443 1871 1455 y

360 1487 666 1592 Concutitur
682 1488 795 1591 eoeli
820 1487 1000 1588 domus
1025 1488 1271 1626 undique,
1292 1509 1503 1628 totaque
1528 1488 1711 1611 tellus3
1787 1519 1789 1525 ·
1867 1582 1868 1587 Ν

358 1659 428 1763 Et
453 1701 609 1801 quom
635 1684 864 1799 tempora
889 1697 941 1760 se
960 1632 1091 1761 ueris
1110 1660 1349 1761 florentia
1370 1662 1608 1798 pandunt
1626 1701 1661 1783 :⁸
1809 1720 1813 1729 ·

200 1932 209 1947 ,
359 1834 568 1975 Frigore
594 1837 730 1938 enim
756 1834 943 1936 desunt
965 1835 1128 1972 ignes,
1154 1832 1398 1973 ventique
1423 1835 1586 1936 calore

360 2008 639 2134 Deficiunt,
658 2047 827 2148 neque
847 2031 967 2111 sunt
989 2031 1093 2111 tam
1118 2012 1275 2114 denso
1300 2051 1508 2152 corpore
1532 2009 1711 2113 nubes.
1823 2073 1826 2076 ⁴

360 2183 502 2286 Inter
526 2208 801 2323 utrumque
827 2184 986 2323 igitur
1010 2221 1167 2324 quom
1193 2185 1304 2301 eoeli
1329 2207 1830 2326 temporaconstant,

357 2356 492 2460 Tum
517 2361 668 2462 variae
693 2398 858 2463 causae
884 2383 1195 2462 concurrunt
1218 2362 1445 2465 fulminis
1469 2339 1660 2463 omnes.

362 2523 501 2635 Nam
526 2532 686 2636 fretus
711 2534 818 2673 ipse
844 2524 964 2636 anni
988 2535 1259 2691 Pelffllffl
1282 2534 1446 2689 frigus
1471 2559 1523 2637 et
1548 2559 1760 2639 aestum:

362 2705 595 2829 Quorum
631 2732 911 2850 utrumque
947 2732 1191 2850 opns'est
1215 2705 1512 2813 fabricanda
1546 2709 1607 2810 ad
1636 2707 1856 2813 fulmina

501 2882 663 3004 nobis,
816 2951 818 2957 >

361 3054 439 3160 Ut
463 3059 713 3184 discordia
734 3061 802 3160 sit
826 3099 1013 3181 rerum,
1035 3085 1330 3200 magnoque
1350 3053 1577 3161 tumultu

364 3227 576 3368 Ignibus
603 3256 654 3332 et
678 3234 839 3334 ventis
864 3232 1175 3341 furibundus
1200 3209 1415 3336 fluctuet
1437 3233 1539 3331 aer.

364 3401 535 3506 Prima
560 3407 737 3509 caloris
762 3410 897 3509 enim
923 3434 1136 3547 pars,‚et
1159 3430 1415 3547 postrema
1437 3402 1638 3542 rigoris,

286 3675 290 3683 .
362 3576 587 3718 Tempus
612 3580 663 3677 id
692 3603 768 3679 est
794 3614 1031 3708 vernum3
1071 3620 1228 3722 quare
1253 3618 1483 3719 pugnare
1509 3617 1711 3703 neeesse
1735 3603 1830 3682 est‘

364 3748 649 3853 Dissimiles
674 3754 807 3855 inter
831 3793 882 3855 se
908 3792 1004 3875 res,
1031 3752 1344 3892 turbareque
1370 3754 1558 3855 mistas.

366 3923 435 4025 Et
459 3927 595 4042 calor
618 3951 875 4030 extremus
898 3930 1064 4065 primo
1089 3966 1206 4031 oum
1231 3926 1418 4066 frigore
1444 3928 1640 4036 mistus

362 4099 617 4222 Volvitur,
644 4105 904 4206 auctumni
930 4102 1071 4243 quod
1092 4079 1258 4203 fertur
1281 4104 1484 4203 nomine
1509 4125 1740 4239 tempus:
1771 4149 1776 4154 ⁷

366 4276 467 4383 Hle
494 4316 703 4418 quoque
728 4279 1014 4416 confligunt
1040 4275 1229 4378 hiemes
1255 4272 1513 4376 aestatibus
1538 4310 1694 4377 actes,
1819 4376 1825 4388 ,

366 4448 644 4593 Propterea
667 4475 787 4558 sunt
809 4452 921 4555 haee
946 4451 1082 4555 bella
1106 4452 1228 4555 anni-
1250 4447 1631 4559 nominitanda:

368 4623 422 4726 N
427 4663 483 4727 ec
508 4626 692 4728 mirum
718 4629 871 4729 estin
896 4665 957 4727 eo
982 4629 1024 4728 si
1049 4649 1277 4766 tempore
1300 4622 1525 4762 plurima
1548 4621 1681 4723 fiunt

368 4797 618 4919 Fulmina,
644 4821 1018 4937 tempestasque
1043 4798 1205 4906 cietur
1229 4796 1440 4900 turbida
1460 4796 1603 4915 coe10‚
1632 4887 1636 4895 .

367 4975 595 5113 Ancipiti
620 4973 861 5116 quoniam
886 4969 1022 5074 bello
1045 4971 1283 5077 turbatur
1306 4970 1582 5109 utrinques
1642 5042 1644 5046 »

370 5147 509 5251 Hine
532 5150 765 5270 flammis,
790 5147 929 5256 illino
950 5146 1126 5267 ventis,
1152 5145 1468 5287 humumque
1492 5147 1657 5254 misto.
1816 5214 1820 5219 -

806 5294 826 5329 '
1076 5327 1159 5378 m
1293 5346 1296 5355 ·
