4598 6112
400 482 468 572 92
561 551 569 560 .
726 478 787 565 T.
853 473 1282 567 LUCRETII
1343 474 1556 569 CARI

405 735 508 840 Sed
530 735 694 873 magis
714 755 779 834 ut
802 732 987 833 merito
1011 736 1172 872 possis
1194 758 1377 836 eventa
1398 772 1577 839 vocare

404 909 707 1048 Corporum,
731 929 889 1044 atque
912 904 1027 1026 loci,
1052 945 1132 1008 res
1155 909 1209 1009 in
1233 947 1340 1048 quo
1364 948 1589 1051 quaeque
1611 944 1872 1054 gerantur.

456 1083 704 1221 Corpora
726 1101 848 1180 sunt
871 1116 1023 1214 porro
1046 1085 1233 1217 partim
1258 1085 1536 1220 primordia
1558 1126 1748 1213 rerum,

372 1238 378 1245 ¹
404 1259 599 1364 Partim
623 1257 834 1359 concilio
860 1291 978 1391 quae
1002 1280 1235 1356 constant
1258 1258 1641 1394 principiorum.

406 1434 507 1537 Sed
536 1472 655 1573 quae
678 1453 801 1532 sunt
822 1463 994 1526 rerum
1018 1428 1311 1564 primordia,
1337 1431 1480 1530 nulla
1501 1457 1672 1577 potest
1693 1441 1769 1540 vis

406 1597 698 1747 Stringere3
739 1642 855 1705 nam
881 1599 1042 1702 solido
1065 1605 1276 1703 vincunt
1299 1641 1361 1702 ea
1383 1642 1593 1741 corpore
1617 1609 1849 1717 demum:

403 1781 473 1885 Et
496 1786 538 1884 si
561 1780 765 1883 difficile
789 1819 897 1882 esse
921 1778 1124 1881 videtur
1144 1777 1352 1878 credere
1376 1750 1662 1920 quidquam

406 1956 469 2059 In
495 1954 647 2057 rebus
672 1952 832 2053 solido
856 1952 1067 2089 reperiri
1092 1986 1300 2086 corpore
1325 1990 1502 2089 posse;

404 2129 613 2232 Transit
634 2129 771 2227 enim
795 2125 991 2227 fulmen
1015 2123 1128 2223 coeli
1153 2160 1246 2260 per
1270 2147 1416 2261 septa
1436 2128 1722 2250 domorum,

409 2301 616 2404 Clamor
637 2324 715 2420 ut,
741 2338 798 2401 ac
822 2336 998 2401 voces:
1038 2298 1231 2398 sermm
1256 2299 1511 2402 candescit
1534 2304 1587 2402 in
1608 2304 1765 2442 igno:

407 2476 786 2615 Dissiliuutque
810 2475 919 2575 fero
943 2473 1158 2573 ferventi
1183 2509 1305 2572 saxa
1329 2511 1534 2610 vapore:

408 2649 853 2752 Gonia-befactatus
876 2651 1016 2787 rigor
1040 2648 1152 2748 auri
1176 2649 1388 2748 solvitur
1411 2674 1561 2751 aestu:

402 2823 537 2926 Tum
562 2825 748 2964 glacies
771 2826 886 2925 aeris
910 2826 1115 2925 flamma
1137 2822 1336 2923 devicta
1359 2824 1623 2963 liquescit:

404 2996 678 3101 Permanat
700 3000 837 3100 calor
859 3022 1146 3137 argentum,
1171 2999 1537 3138 penetraleque
1562 2999 1743 3140 frigus,
1906 3082 1911 3091 .

404 3170 627 3291 Quando
644 3195 948 3311 utrumque,
974 3210 1130 3273 manu
1154 3175 1432 3272 retinentes
1456 3175 1776 3309 poenierim,

405 3343 681 3466 Sensimus,
706 3344 874 3444 infuso
897 3345 1226 3485 lympharum
1250 3384 1361 3446 rore
1387 3339 1630 3486 superne:

402 3519 593 3661 Usque·
609 3520 735 3619 adeo
758 3521 817 3619 in·
836 3519 989 3623 rebus
1014 3521 1160 3624 solidi
1185 3519 1313 3624 nihil
1338 3561 1444 3623 esse
1468 3523 1684 3626 videtur.

403 3699 506 3801 Sed
533 3700 655 3839 quia
678 3736 796 3798 vera
819 3721 990 3799 tamen
1015 3699 1143 3797 ratio
1168 3719 1453 3834 naturaque
1478 3735 1649 3796 rerum

404 3870 573 4012 Cogit,
599 3872 734 3992 ades,
762 3875 935 4009 paucis
959 3872 1083 3972 dum
1107 3868 1336 3973 versibus
1360 3869 1708 4005 expediamus,
1846 3924 1848 3929 ¹

403 4043 527 4146 Esse
553 4083 628 4165 ea,
656 4084 774 4184 quae
799 4046 959 4147 solido
984 4069 1140 4186 atque
1166 4068 1355 4144 aeterno
1379 4080 1589 4180 corpore
1613 4069 1862 4168 constent,

402 4217 608 4320 Semina
632 4258 749 4359 quae
774 4259 960 4340 rerum,
987 4220 1368 4359 primordiaque
1394 4259 1501 4321 esse
1527 4221 1798 4349 docemus3

400 4390 555 4497 Unde
579 4396 744 4494 omnis
767 4431 939 4494 rerum
964 4431 1102 4492 nunc
1126 4417 1322 4493 constet
1347 4433 1543 4495 summa
1557 4423 1739 4502 creata.

471 4563 730 4704 Principio
755 4568 996 4706 quoniam
1021 4564 1216 4704 duplex
1239 4591 1422 4671 natura
1447 4573 1665 4677 duarum
1769 4660 1775 4677 .

401 4738 675 4843 Dissimilis
701 4779 870 4842 rerum
896 4742 1048 4881 longe
1075 4765 1302 4843 constare
1329 4774 1532 4885 reperta
1556 4774 1648 4870 est,

402 4910 685 5052 Corporum
712 4941 867 5058 atque
892 4917 1005 5039 loci,
1031 4956 1111 5019 res
1134 4922 1188 5019 in
1214 4957 1318 5057 quo
1344 4960 1567 5061 quaeque
1591 4952 1878 5064 geruntur-3
