4598 6112
743 548 1065 636 s‘LIBER
1129 542 1536 644 QUINTUS.
1787 541 1886 632 225

394 803 440 902 A
466 806 631 940 parvis
660 807 797 943 quod
825 808 961 906 enirn
986 825 1289 902 consuerant
1313 840 1517 902 cernere
1542 839 1742 939 semper
1836 829 1838 833 ’

392 977 608 1077 Alterno
634 952 888 1099 tenebras,
911 1001 963 1078 et
986 978 1156 1098 luceru
1178 1001 1407 1115 tempore
1434 980 1594 1117 gigni,

397 1150 516 1253 Nou
547 1177 670 1274 erat,
698 1179 758 1256 ut
780 1158 890 1257 fieri
916 1154 1356 1293 possetmirarier
1382 1192 1625 1291 unquam,

398 1325 513 1427 Nec
540 1327 786 1449 diffidere,
814 1369 876 1429 ne
903 1352 1061 1428 terras
1086 1351 1277 1428 aeterna
1296 1335 1501 1434 teneret

399 1500 537 1621 Nox,
559 1505 609 1602 iu
638 1528 944 1642 perpetuum
971 1503 1197 1614 detracto
1222 1504 1414 1603 lurniue
1441 1505 1573 1606 solis.

399 1675 499 1811 Sed
528 1679 687 1815 magis
715 1680 841 1780 illud
867 1701 976 1780 erat
1001 1716 1153 1797 curae,
1182 1679 1320 1815 quod
1348 1681 1496 1781 saecla
1516 1679 1735 1781 ferarum

398 1847 642 1950 infestam
668 1854 859 1952 miseris
884 1850 1138 1953 faciebant
1163 1891 1297 1990 saepe
1319 1855 1576 1993 quietern:

399 2024 667 2166 Ejectique
695 2028 844 2156 durno
863 2026 1131 2167 fugiebant
1156 2063 1307 2130 saxea
1331 2052 1464 2129 tecta

400 2203 617 2340 Setigeri
644 2204 745 2304 suis
771 2171 995 2307 adventu
1016 2207 1277 2344 validique
1302 2205 1477 2325 leonis,

399 2378 903 2517 Atque‘internpesta
926 2381 1181 2485 cedebant
1203 2399 1617 2517 nocte‘paventes
1664 2445 1665 2454 κ

404 2553 707 2691 Hospitibus
734 2560 877 2658 saevis
898 2559 1114 2659 'instrata
1138 2555 1327 2657 cubilia
1345 2555 1542 2660 fronde.

418 2729 588 2842 ¹Neo
617 2733 771 2831 nimio
797 2754 906 2832 tum
931 2734 1048 2870 plus
1076 2769 1232 2870 quam
1259 2768 1395 2832 nunc
1422 2734 1655 2834 mortalia
1679 2738 1827 2837 saecla
1934 2853 1936 2859 k
2049 2851 2051 2858 A

403 2907 593 3009 Dulcia
610 2906 922 3044 ‘linquebant
946 2906 1163 3006 labentis
1189 2907 1383 3006 lumina
1402 2907 1533 3009 vitae.
1551 2949 1552 2952 ‘

401 3081 550 3184 Unus
576 3082 711 3180 enim
736 3105 846 3181 turn
875 3084 1094 3220 quisque
1120 3079 1281 3215 magis
1307 3078 1586 3217 deprensus
1611 3095 1787 3184 eorum
1815 3205 1818 3210 Ι

404 3254 600 3358 Pabula
627 3257 736 3356 viva
761 3253 879 3355 feris
902 3253 1168 3393 praebebat
1195 3252 1431 3355 dentibus
1457 3252 1697 3366 haustus:
1755 3320 1757 3325 ·
1804 3337 1805 3342 a
1838 3296 1841 3300 ·

409 3432 476 3534 Et
502 3398 708 3531 nemora
733 3469 789 3533 ac
816 3433 1030 3530 m‘onteis
1056 3431 1254 3567 gemitu·
1278 3430 1547 3570 sylvasque
1574 3431 1820 3569 replebat,

403 3604 535 3707 Viva
559 3603 736 3703 videns
760 3604 871 3704 vivo
899 3605 1101 3741 sepeliri
1128 3605 1318 3704 viscera
1342 3602 1509 3706 busto.
1578 3733 1583 3741 „

259 3768 261 3772 ’
408 3781 475 3880 At
500 3817 628 3917 quos
655 3775 903 3916 effugium
930 3780 1165 3899 scrabrat,
1194 3816 1404 3916 corpore
1429 3780 1596 3900 adeun,
1659 3803 1662 3807 ’

406 3952 661 4056 Posterius
685 3954 927 4052 tremulas
953 3990 1108 4090 super
1131 3953 1304 4054 ulcera
1327 3976 1458 4055 tetra
1481 3967 1712 4056 tenentes
1742 4041 1745 4044 ⁴

406 4126 622 4244 Palmas,
653 4123 906 4226 horriferis
933 4126 1165 4229 accibant
1188 4127 1395 4229 vocibus
1421 4167 1610 4250 orcum,

408 4303 665 4405 Donicum
691 4339 774 4401 eos
801 4303 901 4402 vita
926 4306 1192 4440 privarunt
1217 4306 1441 4405 vermina
1467 4344 1614 4427 saeva,

408 4479 679 4616 Experteis
704 4479 831 4614 opis
857 4480 1060 4616 ignaros
1085 4478 1211 4618 quid
1234 4480 1446 4581 volnera
1462 4482 1673 4583 vellent

402 4655 550 4755 At
573 4690 676 4753 nou
702 4653 861 4755 multa
885 4657 1048 4756 virbm
1075 4654 1231 4756 sub
1196 4657 1352 4794 signis
1377 4657 1536 4757 millia
1560 4657 1713 4760 ducta

407 4831 528 4937 Una
553 4829 660 4929 dies
685 4825 840 4934 dabat
864 4829 1047 4930 exitio:
1087 4867 1181 4932 nec
1205 4831 1412 4932 turbida
1438 4836 1582 4970 ponti

407 5013 642 5150 AEquora
666 5006 923 5109 laedebant
947 5045 1098 5108 naves
1124 5006 1189 5106 ad
1216 5043 1350 5126 saxa,
1377 5007 1639 5148 virosque

411 5186 513 5290 Sed
537 5208 743 5324 temere,
769 5183 1039 5321 incassum,
1068 5183 1256 5285 frustra
1279 5220 1417 5285 mare
1444 5208 1836 5324 saepecoortum·

1134 5367 1186 5417 211
1754 5375 1758 5384 “
