4598 6112
565 484 572 498 '
731 526 1002 618 nrunu
1062 527 1539 675 sncuuous.
1808 530 1871 640 τι

262 859 266 865 -
383 783 530 886 Hanc
555 784 706 886 variae
732 810 909 924 gentes
935 770 1309 926 antiquo'more
1336 825 1589 890 sacrorum
1619 880 1622 884 ,

382 955 574 1059 Idaeam
601 959 822 1082 vocitant
847 985 1076 1082 matrem,
1104 960 1459 1104 Phrygiasque
1480 985 1701 1066 catervas

383 1131 526 1233 Dant
551 1134 774 1252 comites,
803 1134 926 1270 quia
948 1138 1171 1273 primum
1197 1174 1262 1236 ex
1287 1137 1386 1238 illis
1410 1136 1599 1239 finibus
1624 1138 1786 1240 edunt

266 1301 271 1318 ”
380 1305 480 1407 Per
503 1330 752 1407 terrarum
773 1307 949 1409 orbern
972 1310 1146 1448 fruges
1171 1312 1378 1448 coepisse
1403 1312 1577 1413 creari.
1640 1351 1648 1357 ·

381 1478 555 1582 Gallos
581 1482 883 1603 attribuunt,
911 1485 1033 1622 quia
1057 1522 1245 1620 numen
1273 1485 1362 1623 qui
1387 1486 1622 1586 violarint

380 1652 579 1778 Matris,
607 1662 659 1757 et
682 1659 868 1797 ingrati
894 1654 1208 1796 genitoribus
1233 1659 1423 1758 inventi
1450 1660 1566 1780 sint,
1599 1724 1602 1732 ι
1631 1648 1632 1652 ¹

381 1826 679 1966 Significare
704 1831 1146 1970 voluntindignos
1171 1869 1277 1931 esse
1302 1831 1572 1969 putandos,

376 2001 558 2105 Vivam
583 2009 882 2144 progeniem
909 2007 998 2145 qui
1025 2008 1078 2142 in
1103 2044 1215 2106 oras
1240 2006 1445 2108 luminis
1470 2007 1639 2110 edant.
1673 1990 1674 1994 Ν

375 2174 645 2318 Tympana
670 2202 814 2280 tenta
836 2203 1015 2281 tonant
1039 2181 1236 2319 palmia,
1264 2203 1317 2280 et
1340 2179 1573 2319 cymbala
1597 2183 1785 2285 circum

379 2351 627 2475 Concava,
655 2355 1025 2493 raucisonoque
1051 2356 1310 2456 minantur
1328 2391 1517 2475 cornua
1541 2380 1711 2478 cantu,

378 2525 447 2629 Et
472 2526 702 2668 Phrygio
728 2529 955 2630 stimulat
972 2567 1182 2629 numero
1208 2565 1328 2629 cava
1353 2526 1479 2628 tibia
1503 2532 1745 2658 menteis3
1777 2629 1779 2633 ,
1899 2594 1902 2600 ·

372 2700 602 2842 Telaque
627 2726 944 2841 praeportant
967 2704 1174 2804 violenti
1201 2704 1346 2841 signa
1370 2700 1582 2826 furoris,

376 2875 610 3016 Ingratos
636 2879 844 2998 animos
873 2900 1028 3017 atque
1054 2879 1210 3015 impia
1234 2899 1441 3014 pectora
1463 2879 1600 3017 volgi

378 3050 689 3152 Conterrere
713 3076 852 3153 metu
879 3052 1216 3190 quaepossint
1240 3051 1448 3151 numine
1473 3051 1621 3181 divae.

444 3225 586 3365 Ergo
611 3264 765 3366 quom
793 3229 1016 3366 primum
1041 3262 1250 3362 magnas
1274 3225 1470 3325 invecta
1494 3263 1588 3364 per
1610 3227 1784 3330 urbeis

302 3388 318 3419 ⁰
376 3398 648 3514 Munificat
671 3403 823 3502 tacita
848 3370 1100 3502 mortalcis
1125 3419 1266 3497 muta
1288 3396 1481 3524 salute3

372 3575 497 3675 AEre
517 3599 672 3715 atque
697 3597 909 3714 argento
934 3592 1169 3705 sternunt
1192 3572 1288 3671 iter
1310 3608 1463 3672 omne
1482 3574 1701 3722 viarum

376 3748 626 3889 Largifica
652 3752 781 3887 stipe
800 3749 1036 3867 ditantes
1065 3747 1388 3883 ninguntque
1414 3785 1651 3880 rosarum,
1679 3720 1683 3748 ἶ

374 3925 622 4046 Floribus,
644 3926 937 4026 umbrantes
962 3945 1191 4042 matrem,
1218 3923 1561 4061 comitumque
1587 3945 1826 4026 catervas.⁴
1858 4010 1861 4015 .

373 4099 473 4201 ch
489 4124 680 4201 armata
704 4138 883 4201 manus
909 4097 1153 4234 (Curetas
1180 4099 1382 4197 nomine
1411 4094 1577 4234 Graji‘

374 4275 517 4396 Quos
542 4298 823 4375 memorant
847 4273 1126 4413 Phrygios)
1146 4275 1278 4374 inter
1303 4311 1354 4372 se
1381 4267 1510 4369 forte
1536 4292 1737 4371 catenas

373 4448 604 4569 Ludunt,
632 4450 681 4550 in
703 4487 1075 4586 numerumque
1100 4448 1357 4549 exsultant
1381 4444 1627 4582 sanguine
1648 4445 1785 4567 fleti3
1812 4465 1891 4561 et

370 4623 637 4728 Terrificas
662 4626 886 4763 capitum
913 4622 1434 4761 quatientes‘numine
1459 4620 1649 4739 cristas,
1751 4674 1757 4714 t
1848 4683 1851 4689 ‚

374 4799 598 4902 Dictaeos
623 4797 852 4900 referunt
878 4796 1120 4920 Curetas3
1156 4799 1248 4936 qui
1271 4795 1305 4899 J
1309 4798 1413 4899 ovis
1439 4795 1584 4894 illum

371 4977 615 5117 Vagitum
641 4979 696 5076 in
723 4969 878 5076 Creta
902 4971 1160 5112 quondam
1185 4969 1460 5070 occultbsse
1484 4967 1739 5106 feruutur,

375 5149 547 5272 Quom
565 5151 712 5290 pueri
737 5151 927 5252 circum
953 5183 1167 5287 puerum
1192 5145 1397 5284 pernice
1422 5139 1609 5285 chorea
1686 5198 1747 5255 „-

1957 5512 2236 5775 ,ts
