4598 6112
480 495 578 589 158
800 495 859 582 T.
928 493 1363 587 LUCRETII
1429 497 1642 591 CARI

478 752 705 890 Quippe,
740 790 834 890 per
858 774 1129 891 angustum
1154 752 1305 855 turba
1331 756 1517 894 majore
1544 781 1713 857 coorta

477 926 558 1029 lre
582 929 714 1028 foras
738 928 828 1029 ubi
854 952 1117 1067 coeperunt
1141 929 1417 1065 primordia
1440 969 1636 1048 vocum,

478 1102 680 1206 Scilicet
705 1103 920 1240 expletis
946 1141 1153 1241 quoque
1167 1103 1327 1240 janua
1351 1102 1546 1203 raditur
1570 1107 1669 1204 oris

476 1277 650 1389 Rauca
673 1279 781 1399 viis,
808 1301 859 1377 et
883 1280 980 1378 iter
1002 1277 1145 1377 laedit
1168 1284 1272 1415 qua
1294 1315 1393 1376 vox
1419 1278 1460 1376 it
1484 1278 1536 1378 in
1561 1318 1724 1381 auras.

477 1451 633 1553 Haud
649 1452 807 1590 igitur
822 1451 1034 1552 dubium
1055 1475 1146 1572 est,
1163 1454 1288 1591 quin
1304 1489 1449 1551 voces
1468 1453 1723 1594 verbaque
1740 1474 1971 1559 constent

478 1626 747 1764 Corporeis
773 1666 800 1726 e
825 1628 1102 1765 principiis,
1129 1650 1189 1727 ut
1211 1625 1396 1726 laedere
1420 1630 1630 1764 possint.

524 1800 659 1903 ‚Nec
684 1824 735 1901 te
762 1801 891 1900 fallit
915 1804 1053 1921 item,
1081 1801 1206 1939 quid
1233 1803 1455 1937 corporis
1480 1801 1691 1923 auferat,
1719 1806 1921 1944 etquid

475 1975 728 2079 Detrahat
753 2015 815 2075 ex
842 1974 1104 2076 hominum
1129 1978 1310 2094 nervis,
1336 2014 1392 2076 ac
1418 1975 1610 2077 viribus
1636 1979 1755 2115 ipsis

474 2151 760 2289 Perpetuus
786 2152 1136 2289 sermonigrai'
1162 2152 1321 2252 noctis
1347 2151 1410 2251 ad
1438 2151 1687 2272 umbram,
1843 2178 1846 2183 '

473 2327 686 2435 Aurorae
711 2326 987 2465 perductus
1013 2324 1077 2424 ab
1103 2327 1362 2425 exoriente
1388 2327 1581 2449 nitore3

459 2501 760 2605 Praesertim
786 2501 826 2601 si
853 2539 968 2600 cum
996 2538 1194 2600 summo
1217 2521 1293 2600 est
1318 2501 1533 2601 clamore
1559 2501 1824 2638 profusus:

473 2673 614 2814 Ergo
639 2713 929 2813 corpoream
956 2714 1127 2776 vocem
1155 2697 1382 2775 constare
1407 2714 1608 2776 necesse
1633 2699 1724 2796 est,

473 2849 643 2957 Multa
667 2851 881 2989 loquens
908 2851 1147 2986 quoniam
1175 2850 1361 2949 amittit
1386 2850 1448 2949 de
1474 2888 1688 2987 corpore
1713 2873 1927 2990 partem.

508 3076 511 3081 ·
538 3024 799 3164 Asperitas
825 3045 992 3122 autem
1018 3024 1152 3123 vocis
1176 3023 1237 3124 fit
1262 3023 1326 3123 ab
1352 3026 1622 3161 asperitate

470 3200 860 3337 Principiorum,
888 3216 939 3294 et
963 3197 1085 3294 item
1109 3196 1268 3296 laevor
1291 3198 1473 3298 laevore
1500 3222 1729 3299 creatur:

470 3371 583 3476 Nec
610 3373 757 3474 simili
783 3392 1054 3509 penetrant
1078 3373 1241 3471 aureis
1266 3371 1543 3510 primordia
1566 3372 1743 3493 forma,

469 3547 640 3671 Quom
667 3545 793 3649 tuba
818 3545 1056 3684 depresso
1079 3548 1300 3684 graviter
1324 3510 1417 3646 sub
1442 3584 1701 3647 murmure
1728 3550 1908 3688 mugit,

472 3723 542 3826 Et
565 3744 766 3824 revocat
788 3759 997 3821 raucum
1023 3724 1259 3823 retrocita
1283 3719 1498 3821 barbara
1524 3718 1800 3846 bombum3

468 3897 703 4000 Vallibns
728 3919 782 3997 et
805 3896 950 4033 cycni
976 3895 1158 4032 gelidis
1182 3897 1279 3997 orti
1305 3934 1368 3994 ex
1397 3893 1656 3995 Heliconis

471 4070 645 4194 Quom
671 4068 926 4210 liquidam
949 4058 1140 4170 tollunt
1164 4070 1371 4210 lugubri
1397 4068 1517 4172 voce
1544 4071 1820 4209 querelam.

540 4250 705 4351 Hasce
732 4249 890 4389 igitur
913 4249 1118 4385 penitus
1137 4286 1282 4348 voces
1308 4285 1465 4387 quom
1486 4282 1694 4382 corpore
1721 4269 1893 4348 nostro

467 4425 831 4563 Exprimimus‚
858 4445 1097 4560 rectoque
1122 4421 1255 4522 foras
1280 4421 1557 4522 emittimus
1581 4456 1682 4538 ore,

467 4602 678 4707 Mobilis
703 4597 937 4699 articulat
959 4595 1227 4697 verborum
1256 4594 1453 4694 daedala
1476 4574 1683 4731 lingua3

467 4779 867 4913 Formaturaque
888 4771 1147 4872 labrorum
1172 4807 1265 4908 pro
1290 4790 1434 4907 parte
1459 4767 1661 4906 figurat.

524 4950 1128 5090 Atqueubinonlongum
1145 4941 1615 5082 spatiumcst,unde
1629 4941 1718 5041 illa
1732 4937 1997 5079 profecta,
2054 5084 2057 5089 p

465 5126 734 5233 Perveniat
757 5167 857 5227 vox
882 5161 1120 5266 quaeque,
1141 5156 1341 5222 necesse
1355 5138 1437 5216 est
1453 5112 1606 5217 verba
1626 5153 1831 5256 quoqne
1852 5115 1965 5252 ipsa
