<?xml version="1.0" encoding="UTF-8"?>
<!DOCTYPE html PUBLIC "-//W3C//DTD XHTML 1.0 Transitional//EN"
    "http://www.w3.org/TR/xhtml1/DTD/xhtml1-transitional.dtd">
<html xmlns="http://www.w3.org/1999/xhtml" xml:lang="en" lang="en">
 <head>
  <title>
</title>
<meta http-equiv="Content-Type" content="text/html;charset=utf-8" />
  <meta name='ocr-system' content='tesseract 3.04.00' />
  <meta name='ocr-capabilities' content='ocr_page ocr_carea ocr_par ocr_line ocrx_word'/>
</head>
<body>
  <div class='ocr_page' id='page_1' title='image "./titilucretiicar05carugoog_0166.png"; bbox 0 0 4598 6112; ppageno 0'>
   <div class='ocr_carea' id='block_1_1' title="bbox 645 452 1800 624">
    <p class='ocr_par' dir='ltr' id='par_1_1' title="bbox 645 452 1800 624">
     <span class='ocr_line' id='line_1_1' title="bbox 645 452 1800 624; baseline -0.003 -13"><span class='ocrx_word' id='word_1_1' title='bbox 645 520 920 612; x_wconf 77' lang='lat' dir='ltr'>mana</span> <span class='ocrx_word' id='word_1_2' title='bbox 984 452 1410 614; x_wconf 65' lang='lat' dir='ltr'>ouranos.</span> <span class='ocrx_word' id='word_1_3' title='bbox 1700 512 1800 624; x_wconf 81' lang='lat'>157</span> 
     </span>
    </p>
   </div>
   <div class='ocr_carea' id='block_1_2' title="bbox 170 777 1802 5277">
    <p class='ocr_par' dir='ltr' id='par_1_2' title="bbox 170 777 1775 4227">
     <span class='ocr_line' id='line_1_2' title="bbox 305 777 1728 914; baseline -0.004 -32"><span class='ocrx_word' id='word_1_4' title='bbox 305 781 475 904; x_wconf 82' lang='lat' dir='ltr'>Quam</span> <span class='ocrx_word' id='word_1_5' title='bbox 502 778 735 882; x_wconf 88' lang='lat' dir='ltr'>manibus</span> <span class='ocrx_word' id='word_1_6' title='bbox 763 777 1024 880; x_wconf 88' lang='lat' dir='ltr'>manifesta</span> <span class='ocrx_word' id='word_1_7' title='bbox 1050 779 1151 879; x_wconf 92' lang='lat' dir='ltr'>suis</span> <span class='ocrx_word' id='word_1_8' title='bbox 1176 777 1728 914; x_wconf 86' lang='lat' dir='ltr'>emitterequaequam,</span> 
     </span>
     <span class='ocr_line' id='line_1_3' title="bbox 306 951 1537 1092; baseline -0.006 -35"><span class='ocrx_word' id='word_1_9' title='bbox 306 953 376 1057; x_wconf 82' lang='lat' dir='ltr'>Et</span> <span class='ocrx_word' id='word_1_10' title='bbox 400 957 584 1057; x_wconf 88' lang='lat' dir='ltr'>violare</span> <span class='ocrx_word' id='word_1_11' title='bbox 612 955 764 1055; x_wconf 88' lang='lat' dir='ltr'><strong>fidem</strong></span> <span class='ocrx_word' id='word_1_12' title='bbox 789 956 1020 1092; x_wconf 90' lang='lat' dir='ltr'>primam,</span> <span class='ocrx_word' id='word_1_13' title='bbox 1048 977 1101 1055; x_wconf 91' lang='lat' dir='ltr'>et</span> <span class='ocrx_word' id='word_1_14' title='bbox 1124 951 1405 1053; x_wconf 88' lang='lat' dir='ltr'>convellere</span> <span class='ocrx_word' id='word_1_15' title='bbox 1430 972 1537 1050; x_wconf 87' lang='lat' dir='ltr'>tota</span> 
     </span>
     <span class='ocr_line' id='line_1_4' title="bbox 217 1124 1499 1267; baseline 0 -38"><span class='ocrx_word' id='word_1_16' title='bbox 217 1144 218 1148; x_wconf 63' lang='lat'>‘</span> <span class='ocrx_word' id='word_1_17' title='bbox 277 1189 281 1194; x_wconf 92' lang='lat'><em>·</em></span> <span class='ocrx_word' id='word_1_18' title='bbox 307 1128 660 1232; x_wconf 84' lang='lat' dir='ltr'>Fundamenta</span> <span class='ocrx_word' id='word_1_19' title='bbox 685 1127 872 1267; x_wconf 91' lang='lat' dir='ltr'>quibus</span> <span class='ocrx_word' id='word_1_20' title='bbox 897 1130 1102 1228; x_wconf 83' lang='lat' dir='ltr'>nixatur</span> <span class='ocrx_word' id='word_1_21' title='bbox 1120 1127 1223 1227; x_wconf 88' lang='lat' dir='ltr'>vita</span> <span class='ocrx_word' id='word_1_22' title='bbox 1247 1124 1499 1263; x_wconf 90' lang='lat' dir='ltr'>salusque.</span> 
     </span>
     <span class='ocr_line' id='line_1_5' title="bbox 308 1299 1764 1439; baseline -0.004 -33"><span class='ocrx_word' id='word_1_23' title='bbox 308 1302 431 1406; x_wconf 90' lang='lat' dir='ltr'>Non</span> <span class='ocrx_word' id='word_1_24' title='bbox 457 1304 608 1405; x_wconf 91' lang='lat' dir='ltr'>modo</span> <span class='ocrx_word' id='word_1_25' title='bbox 633 1306 768 1405; x_wconf 92' lang='lat' dir='ltr'>enim</span> <span class='ocrx_word' id='word_1_26' title='bbox 795 1305 922 1402; x_wconf 87' lang='lat' dir='ltr'>ratio</span> <span class='ocrx_word' id='word_1_27' title='bbox 946 1325 1062 1403; x_wconf 88' lang='lat' dir='ltr'>ruat</span> <span class='ocrx_word' id='word_1_28' title='bbox 1085 1301 1264 1419; x_wconf 88' lang='lat' dir='ltr'>omnis,</span> <span class='ocrx_word' id='word_1_29' title='bbox 1290 1299 1394 1399; x_wconf 87' lang='lat' dir='ltr'>vita</span> <span class='ocrx_word' id='word_1_30' title='bbox 1419 1301 1764 1439; x_wconf 86' lang='lat' dir='ltr'>quoqueipsa</span> 
     </span>
     <span class='ocr_line' id='line_1_6' title="bbox 308 1470 1640 1613; baseline -0.003 -35"><span class='ocrx_word' id='word_1_31' title='bbox 308 1475 557 1578; x_wconf 87' lang='lat' dir='ltr'>Concidat</span> <span class='ocrx_word' id='word_1_32' title='bbox 581 1477 855 1613; x_wconf 83' lang='lat' dir='ltr'>extemplo,</span> <span class='ocrx_word' id='word_1_33' title='bbox 881 1478 978 1578; x_wconf 87' lang='lat' dir='ltr'>nisi</span> <span class='ocrx_word' id='word_1_34' title='bbox 1004 1476 1209 1578; x_wconf 90' lang='lat' dir='ltr'>credere</span> <span class='ocrx_word' id='word_1_35' title='bbox 1236 1470 1464 1573; x_wconf 87' lang='lat' dir='ltr'>sensibus</span> <span class='ocrx_word' id='word_1_36' title='bbox 1491 1475 1640 1597; x_wconf 71' lang='lat' dir='ltr'>ausiS,</span> 
     </span>
     <span class='ocr_line' id='line_1_7' title="bbox 306 1645 1626 1792; baseline -0.002 -42"><span class='ocrx_word' id='word_1_37' title='bbox 306 1648 725 1792; x_wconf 85' lang='lat' dir='ltr'>Praeeipiteisque</span> <span class='ocrx_word' id='word_1_38' title='bbox 749 1652 884 1755; x_wconf 90' lang='lat' dir='ltr'>locos</span> <span class='ocrx_word' id='word_1_39' title='bbox 907 1652 1082 1770; x_wconf 87' lang='lat' dir='ltr'>vitare,</span> <span class='ocrx_word' id='word_1_40' title='bbox 1103 1669 1154 1748; x_wconf 92' lang='lat' dir='ltr'>et</span> <span class='ocrx_word' id='word_1_41' title='bbox 1179 1645 1360 1747; x_wconf 87' lang='lat' dir='ltr'>caetera</span> <span class='ocrx_word' id='word_1_42' title='bbox 1382 1684 1499 1785; x_wconf 86' lang='lat' dir='ltr'>quae</span> <span class='ocrx_word' id='word_1_43' title='bbox 1525 1650 1626 1748; x_wconf 91' lang='lat' dir='ltr'>sint</span> 
     </span>
     <span class='ocr_line' id='line_1_8' title="bbox 307 1820 1760 1966; baseline -0.001 -40"><span class='ocrx_word' id='word_1_44' title='bbox 307 1824 378 1927; x_wconf 81' lang='lat' dir='ltr'>ln&#39;</span> <span class='ocrx_word' id='word_1_45' title='bbox 394 1868 579 1966; x_wconf 84' lang='lat' dir='ltr'>genere</span> <span class='ocrx_word' id='word_1_46' title='bbox 606 1828 702 1930; x_wconf 89' lang='lat' dir='ltr'>hoc</span> <span class='ocrx_word' id='word_1_47' title='bbox 726 1822 1000 1963; x_wconf 83' lang='lat' dir='ltr'>fugienda3</span> <span class='ocrx_word' id='word_1_48' title='bbox 1039 1820 1201 1958; x_wconf 91' lang='lat' dir='ltr'>sequi,</span> <span class='ocrx_word' id='word_1_49' title='bbox 1229 1823 1478 1921; x_wconf 88' lang='lat' dir='ltr'>contraria</span> <span class='ocrx_word' id='word_1_50' title='bbox 1501 1860 1620 1961; x_wconf 86' lang='lat' dir='ltr'>quae</span> <span class='ocrx_word' id='word_1_51' title='bbox 1645 1824 1760 1925; x_wconf 88' lang='lat' dir='ltr'>sint.</span> 
     </span>
     <span class='ocr_line' id='line_1_9' title="bbox 307 1985 1429 2143; baseline -0.007 -40"><span class='ocrx_word' id='word_1_52' title='bbox 307 2001 402 2104; x_wconf 88' lang='lat' dir='ltr'>llla</span> <span class='ocrx_word' id='word_1_53' title='bbox 426 2005 520 2105; x_wconf 90' lang='lat' dir='ltr'>tibi</span> <span class='ocrx_word' id='word_1_54' title='bbox 546 2028 621 2106; x_wconf 91' lang='lat' dir='ltr'>est</span> <span class='ocrx_word' id='word_1_55' title='bbox 644 2005 804 2143; x_wconf 86' lang='lat' dir='ltr'>igitur</span> <span class='ocrx_word' id='word_1_56' title='bbox 827 1985 1098 2101; x_wconf 88' lang='lat' dir='ltr'>verborum</span> <span class='ocrx_word' id='word_1_57' title='bbox 1123 1995 1266 2131; x_wconf 91' lang='lat' dir='ltr'>copia</span> <span class='ocrx_word' id='word_1_58' title='bbox 1293 2032 1429 2096; x_wconf 90' lang='lat' dir='ltr'>cassa</span> 
     </span>
     <span class='ocr_line' id='line_1_10' title="bbox 308 2172 1642 2315; baseline -0.002 -36"><span class='ocrx_word' id='word_1_59' title='bbox 308 2173 508 2298; x_wconf 88' lang='lat' dir='ltr'>Omnis,</span> <span class='ocrx_word' id='word_1_60' title='bbox 538 2217 655 2315; x_wconf 88' lang='lat' dir='ltr'>quae</span> <span class='ocrx_word' id='word_1_61' title='bbox 681 2199 856 2277; x_wconf 87' lang='lat' dir='ltr'>contra</span> <span class='ocrx_word' id='word_1_62' title='bbox 882 2210 1054 2274; x_wconf 91' lang='lat' dir='ltr'>sensus</span> <span class='ocrx_word' id='word_1_63' title='bbox 1080 2172 1325 2270; x_wconf 86' lang='lat' dir='ltr'>instructa</span> <span class='ocrx_word' id='word_1_64' title='bbox 1350 2195 1527 2309; x_wconf 86' lang='lat' dir='ltr'>parata</span> <span class='ocrx_word' id='word_1_65' title='bbox 1551 2198 1642 2277; x_wconf 87' lang='lat' dir='ltr'>est.</span> 
     </span>
     <span class='ocr_line' id='line_1_11' title="bbox 377 2345 1764 2488; baseline -0.001 -39"><span class='ocrx_word' id='word_1_66' title='bbox 377 2346 620 2488; x_wconf 91' lang='lat' dir='ltr'>Denique</span> <span class='ocrx_word' id='word_1_67' title='bbox 645 2351 778 2449; x_wconf 87' lang='lat' dir='ltr'>utin</span> <span class='ocrx_word' id='word_1_68' title='bbox 805 2346 1013 2467; x_wconf 87' lang='lat' dir='ltr'>fabrica,</span> <span class='ocrx_word' id='word_1_69' title='bbox 1040 2345 1079 2444; x_wconf 92' lang='lat' dir='ltr'>si</span> <span class='ocrx_word' id='word_1_70' title='bbox 1104 2381 1260 2480; x_wconf 90' lang='lat' dir='ltr'>prava</span> <span class='ocrx_word' id='word_1_71' title='bbox 1284 2367 1360 2444; x_wconf 92' lang='lat' dir='ltr'>est</span> <span class='ocrx_word' id='word_1_72' title='bbox 1383 2349 1560 2484; x_wconf 86' lang='lat' dir='ltr'>regula</span> <span class='ocrx_word' id='word_1_73' title='bbox 1583 2351 1764 2487; x_wconf 89' lang='lat' dir='ltr'>prima,</span> 
     </span>
     <span class='ocr_line' id='line_1_12' title="bbox 309 2517 1495 2662; baseline -0.001 -40"><span class='ocrx_word' id='word_1_74' title='bbox 309 2519 609 2662; x_wconf 91' lang='lat' dir='ltr'>Normaque</span> <span class='ocrx_word' id='word_1_75' title='bbox 634 2525 675 2622; x_wconf 92' lang='lat' dir='ltr'>si</span> <span class='ocrx_word' id='word_1_76' title='bbox 701 2522 854 2621; x_wconf 85' lang='lat' dir='ltr'>fallax</span> <span class='ocrx_word' id='word_1_77' title='bbox 880 2522 1028 2621; x_wconf 89' lang='lat' dir='ltr'>rectis</span> <span class='ocrx_word' id='word_1_78' title='bbox 1053 2517 1348 2655; x_wconf 90' lang='lat' dir='ltr'>regionibus</span> <span class='ocrx_word' id='word_1_79' title='bbox 1373 2522 1495 2643; x_wconf 85' lang='lat' dir='ltr'>exit,</span> 
     </span>
     <span class='ocr_line' id='line_1_13' title="bbox 307 2693 1562 2835; baseline -0.001 -38"><span class='ocrx_word' id='word_1_80' title='bbox 307 2693 377 2797; x_wconf 89' lang='lat' dir='ltr'>Et</span> <span class='ocrx_word' id='word_1_81' title='bbox 400 2695 574 2798; x_wconf 91' lang='lat' dir='ltr'>libella</span> <span class='ocrx_word' id='word_1_82' title='bbox 597 2696 770 2835; x_wconf 90' lang='lat' dir='ltr'>aliqua</span> <span class='ocrx_word' id='word_1_83' title='bbox 795 2696 835 2796; x_wconf 89' lang='lat' dir='ltr'>si</span> <span class='ocrx_word' id='word_1_84' title='bbox 860 2734 925 2795; x_wconf 83' lang='lat' dir='ltr'>ex</span> <span class='ocrx_word' id='word_1_85' title='bbox 948 2697 1083 2834; x_wconf 87' lang='lat' dir='ltr'>parti</span> <span class='ocrx_word' id='word_1_86' title='bbox 1109 2696 1360 2797; x_wconf 81' lang='lat' dir='ltr'>claudicat</span> <span class='ocrx_word' id='word_1_87' title='bbox 1384 2694 1562 2817; x_wconf 92' lang='lat' dir='ltr'>hilum,</span> 
     </span>
     <span class='ocr_line' id='line_1_14' title="bbox 308 2867 1715 3010; baseline 0.003 -40"><span class='ocrx_word' id='word_1_88' title='bbox 308 2867 497 2979; x_wconf 85' lang='lat' dir='ltr'>Omnia</span> <span class='ocrx_word' id='word_1_89' title='bbox 519 2872 758 2973; x_wconf 87' lang='lat' dir='ltr'>mendose</span> <span class='ocrx_word' id='word_1_90' title='bbox 784 2871 910 2991; x_wconf 89' lang='lat' dir='ltr'>fieri,</span> <span class='ocrx_word' id='word_1_91' title='bbox 937 2894 1092 3010; x_wconf 89' lang='lat' dir='ltr'>atque</span> <span class='ocrx_word' id='word_1_92' title='bbox 1118 2872 1318 3009; x_wconf 87' lang='lat' dir='ltr'>obstipa</span> <span class='ocrx_word' id='word_1_93' title='bbox 1337 2907 1596 2971; x_wconf 88' lang='lat' dir='ltr'>necessum</span> <span class='ocrx_word' id='word_1_94' title='bbox 1623 2894 1715 2993; x_wconf 91' lang='lat' dir='ltr'>est,</span> 
     </span>
     <span class='ocr_line' id='line_1_15' title="bbox 306 3040 1775 3184; baseline 0.003 -41"><span class='ocrx_word' id='word_1_95' title='bbox 306 3040 484 3166; x_wconf 87' lang='lat' dir='ltr'>Prava,</span> <span class='ocrx_word' id='word_1_96' title='bbox 511 3045 764 3165; x_wconf 85' lang='lat' dir='ltr'>cubantia,</span> <span class='ocrx_word' id='word_1_97' title='bbox 790 3083 967 3182; x_wconf 87' lang='lat' dir='ltr'>prona,</span> <span class='ocrx_word' id='word_1_98' title='bbox 995 3047 1191 3183; x_wconf 90' lang='lat' dir='ltr'>supina,</span> <span class='ocrx_word' id='word_1_99' title='bbox 1219 3067 1374 3184; x_wconf 91' lang='lat' dir='ltr'>atque</span> <span class='ocrx_word' id='word_1_100' title='bbox 1401 3042 1589 3145; x_wconf 91' lang='lat' dir='ltr'>absona</span> <span class='ocrx_word' id='word_1_101' title='bbox 1616 3068 1746 3148; x_wconf 88' lang='lat' dir='ltr'>tecta</span> <span class='ocrx_word' id='word_1_102' title='bbox 1761 3088 1775 3172; x_wconf 89' lang='lat'>;</span> 
     </span>
     <span class='ocr_line' id='line_1_16' title="bbox 304 3216 1705 3360; baseline 0.001 -40"><span class='ocrx_word' id='word_1_103' title='bbox 304 3216 338 3320; x_wconf 90' lang='lat' dir='ltr'>J</span> <span class='ocrx_word' id='word_1_104' title='bbox 343 3258 422 3320; x_wconf 90' lang='lat' dir='ltr'>am</span> <span class='ocrx_word' id='word_1_105' title='bbox 450 3241 682 3321; x_wconf 87' lang='lat' dir='ltr'>ruerent</span> <span class='ocrx_word' id='word_1_106' title='bbox 707 3218 944 3357; x_wconf 87' lang='lat' dir='ltr'>quaedam</span> <span class='ocrx_word' id='word_1_107' title='bbox 970 3221 1239 3322; x_wconf 86' lang='lat' dir='ltr'>videantur</span> <span class='ocrx_word' id='word_1_108' title='bbox 1259 3220 1405 3340; x_wconf 91' lang='lat' dir='ltr'>velle,</span> <span class='ocrx_word' id='word_1_109' title='bbox 1432 3220 1705 3360; x_wconf 82' lang='lat' dir='ltr'>ruantque,</span> 
     </span>
     <span class='ocr_line' id='line_1_17' title="bbox 306 3387 1437 3531; baseline 0.004 -40"><span class='ocrx_word' id='word_1_110' title='bbox 306 3387 517 3492; x_wconf 88' lang='lat' dir='ltr'>Prodita</span> <span class='ocrx_word' id='word_1_111' title='bbox 532 3390 740 3530; x_wconf 86' lang='lat' dir='ltr'>judiciis</span> <span class='ocrx_word' id='word_1_112' title='bbox 764 3388 1027 3494; x_wconf 87' lang='lat' dir='ltr'>fallacibus</span> <span class='ocrx_word' id='word_1_113' title='bbox 1053 3395 1222 3494; x_wconf 90' lang='lat' dir='ltr'>omnia</span> <span class='ocrx_word' id='word_1_114' title='bbox 1245 3394 1437 3531; x_wconf 88' lang='lat' dir='ltr'>primis.</span> 
     </span>
     <span class='ocr_line' id='line_1_18' title="bbox 170 3564 1564 3705; baseline -0.006 -31"><span class='ocrx_word' id='word_1_115' title='bbox 170 3664 175 3674; x_wconf 91' lang='lat'><em>.</em></span> <span class='ocrx_word' id='word_1_116' title='bbox 309 3567 577 3705; x_wconf 79' lang='lat' dir='ltr'>sicigitur</span> <span class='ocrx_word' id='word_1_117' title='bbox 600 3567 727 3666; x_wconf 89' lang='lat' dir='ltr'>ratio</span> <span class='ocrx_word' id='word_1_118' title='bbox 753 3564 846 3665; x_wconf 82' lang='lat' dir='ltr'>tibi</span> <span class='ocrx_word' id='word_1_119' title='bbox 872 3604 1041 3666; x_wconf 90' lang='lat' dir='ltr'>rerum</span> <span class='ocrx_word' id='word_1_120' title='bbox 1067 3604 1225 3705; x_wconf 88' lang='lat' dir='ltr'>prava</span> <span class='ocrx_word' id='word_1_121' title='bbox 1247 3604 1448 3666; x_wconf 91' lang='lat' dir='ltr'>necesse</span> <span class='ocrx_word' id='word_1_122' title='bbox 1474 3588 1564 3687; x_wconf 91' lang='lat' dir='ltr'>est,</span> 
     </span>
     <span class='ocr_line' id='line_1_19' title="bbox 309 3738 1767 3880; baseline 0.002 -38"><span class='ocrx_word' id='word_1_123' title='bbox 309 3741 556 3880; x_wconf 88' lang='lat' dir='ltr'>Falsaque</span> <span class='ocrx_word' id='word_1_124' title='bbox 581 3742 660 3861; x_wconf 90' lang='lat' dir='ltr'>sit,</span> <span class='ocrx_word' id='word_1_125' title='bbox 686 3738 823 3841; x_wconf 89' lang='lat' dir='ltr'>falsis</span> <span class='ocrx_word' id='word_1_126' title='bbox 848 3778 1173 3880; x_wconf 87' lang='lat' dir='ltr'>quaecunque</span> <span class='ocrx_word' id='word_1_127' title='bbox 1199 3740 1263 3841; x_wconf 90' lang='lat' dir='ltr'>ab</span> <span class='ocrx_word' id='word_1_128' title='bbox 1289 3740 1517 3842; x_wconf 89' lang='lat' dir='ltr'>sensibus</span> <span class='ocrx_word' id='word_1_129' title='bbox 1541 3764 1651 3842; x_wconf 87' lang='lat' dir='ltr'>orta</span> <span class='ocrx_word' id='word_1_130' title='bbox 1676 3765 1767 3846; x_wconf 89' lang='lat' dir='ltr'>est.</span> 
     </span>
     <span class='ocr_line' id='line_1_20' title="bbox 378 3913 1690 4055; baseline 0.002 -40"><span class='ocrx_word' id='word_1_131' title='bbox 378 3913 644 4018; x_wconf 88' lang='lat' dir='ltr'>Nuncalii</span> <span class='ocrx_word' id='word_1_132' title='bbox 670 3951 843 4015; x_wconf 90' lang='lat' dir='ltr'>sensns</span> <span class='ocrx_word' id='word_1_133' title='bbox 869 3951 973 4052; x_wconf 93' lang='lat' dir='ltr'>quo</span> <span class='ocrx_word' id='word_1_134' title='bbox 995 3936 1148 4050; x_wconf 88' lang='lat' dir='ltr'>paeto</span> <span class='ocrx_word' id='word_1_135' title='bbox 1172 3915 1391 4055; x_wconf 91' lang='lat' dir='ltr'>quisque</span> <span class='ocrx_word' id='word_1_136' title='bbox 1417 3953 1558 4017; x_wconf 90' lang='lat' dir='ltr'>suam</span> <span class='ocrx_word' id='word_1_137' title='bbox 1583 3955 1690 4019; x_wconf 91' lang='lat' dir='ltr'>rem</span> 
     </span>
     <span class='ocr_line' id='line_1_21' title="bbox 310 4086 1704 4227; baseline 0.001 -37"><span class='ocrx_word' id='word_1_138' title='bbox 310 4089 521 4211; x_wconf 90' lang='lat' dir='ltr'>Sentiat,</span> <span class='ocrx_word' id='word_1_139' title='bbox 548 4086 688 4190; x_wconf 89' lang='lat' dir='ltr'>haud</span> <span class='ocrx_word' id='word_1_140' title='bbox 714 4125 970 4227; x_wconf 88' lang='lat' dir='ltr'>quaquam</span> <span class='ocrx_word' id='word_1_141' title='bbox 998 4089 1125 4188; x_wconf 86' lang='lat' dir='ltr'>ratio</span> <span class='ocrx_word' id='word_1_142' title='bbox 1151 4127 1389 4227; x_wconf 89' lang='lat' dir='ltr'>seruposa</span> <span class='ocrx_word' id='word_1_143' title='bbox 1413 4088 1589 4189; x_wconf 88' lang='lat' dir='ltr'>relicta</span> <span class='ocrx_word' id='word_1_144' title='bbox 1612 4113 1704 4192; x_wconf 89' lang='lat' dir='ltr'>est.</span> 
     </span>
    </p>

    <p class='ocr_par' dir='ltr' id='par_1_3' title="bbox 307 4260 1802 5277">
     <span class='ocr_line' id='line_1_22' title="bbox 378 4260 1752 4400; baseline 0 -33"><span class='ocrx_word' id='word_1_145' title='bbox 378 4260 655 4400; x_wconf 86' lang='lat' dir='ltr'>Principi0,</span> <span class='ocrx_word' id='word_1_146' title='bbox 680 4262 889 4363; x_wconf 89' lang='lat' dir='ltr'>auditur</span> <span class='ocrx_word' id='word_1_147' title='bbox 912 4300 1078 4385; x_wconf 91' lang='lat' dir='ltr'>sonus,</span> <span class='ocrx_word' id='word_1_148' title='bbox 1106 4285 1158 4363; x_wconf 93' lang='lat' dir='ltr'>et</span> <span class='ocrx_word' id='word_1_149' title='bbox 1182 4303 1280 4364; x_wconf 88' lang='lat' dir='ltr'>vox</span> <span class='ocrx_word' id='word_1_150' title='bbox 1305 4264 1485 4384; x_wconf 92' lang='lat' dir='ltr'>omnis,</span> <span class='ocrx_word' id='word_1_151' title='bbox 1509 4264 1563 4365; x_wconf 90' lang='lat' dir='ltr'>in</span> <span class='ocrx_word' id='word_1_152' title='bbox 1589 4268 1752 4367; x_wconf 89' lang='lat' dir='ltr'>aureis</span> 
     </span>
     <span class='ocr_line' id='line_1_23' title="bbox 309 4434 1565 4576; baseline 0.002 -39"><span class='ocrx_word' id='word_1_153' title='bbox 309 4434 573 4538; x_wconf 90' lang='lat' dir='ltr'>Insinuata</span> <span class='ocrx_word' id='word_1_154' title='bbox 598 4476 688 4539; x_wconf 90' lang='lat' dir='ltr'>suo</span> <span class='ocrx_word' id='word_1_155' title='bbox 712 4438 957 4576; x_wconf 89' lang='lat' dir='ltr'>pepulere</span> <span class='ocrx_word' id='word_1_156' title='bbox 984 4436 1073 4539; x_wconf 92' lang='lat' dir='ltr'>ubi</span> <span class='ocrx_word' id='word_1_157' title='bbox 1100 4475 1308 4575; x_wconf 91' lang='lat' dir='ltr'>corpore</span> <span class='ocrx_word' id='word_1_158' title='bbox 1334 4475 1565 4539; x_wconf 86' lang='lat' dir='ltr'>sensum:</span> 
     </span>
     <span class='ocr_line' id='line_1_24' title="bbox 312 4594 1802 4753; baseline 0.004 -40"><span class='ocrx_word' id='word_1_159' title='bbox 312 4608 619 4749; x_wconf 87' lang='lat' dir='ltr'>Corpoream</span> <span class='ocrx_word' id='word_1_160' title='bbox 635 4594 845 4753; x_wconf 88' lang='lat' dir='ltr'>quoque</span> <span class='ocrx_word' id='word_1_161' title='bbox 857 4615 993 4715; x_wconf 91' lang='lat' dir='ltr'>enim</span> <span class='ocrx_word' id='word_1_162' title='bbox 1007 4648 1179 4716; x_wconf 89' lang='lat' dir='ltr'>vocem</span> <span class='ocrx_word' id='word_1_163' title='bbox 1194 4636 1420 4716; x_wconf 86' lang='lat' dir='ltr'>constare</span> <span class='ocrx_word' id='word_1_164' title='bbox 1432 4611 1691 4716; x_wconf 89' lang='lat' dir='ltr'>fatendum</span> <span class='ocrx_word' id='word_1_165' title='bbox 1707 4639 1802 4740; x_wconf 88' lang='lat' dir='ltr'>est,</span> 
     </span>
     <span class='ocr_line' id='line_1_25' title="bbox 310 4783 1635 4928; baseline 0.007 -42"><span class='ocrx_word' id='word_1_166' title='bbox 310 4783 379 4887; x_wconf 91' lang='lat' dir='ltr'>Et</span> <span class='ocrx_word' id='word_1_167' title='bbox 396 4789 632 4908; x_wconf 90' lang='lat' dir='ltr'>sonitum,</span> <span class='ocrx_word' id='word_1_168' title='bbox 660 4790 901 4926; x_wconf 88' lang='lat' dir='ltr'>quoniam</span> <span class='ocrx_word' id='word_1_169' title='bbox 926 4814 1138 4927; x_wconf 90' lang='lat' dir='ltr'>possunt</span> <span class='ocrx_word' id='word_1_170' title='bbox 1162 4788 1422 4928; x_wconf 87' lang='lat' dir='ltr'>impellere</span> <span class='ocrx_word' id='word_1_171' title='bbox 1447 4827 1635 4896; x_wconf 89' lang='lat' dir='ltr'>sensus.</span> 
     </span>
     <span class='ocr_line' id='line_1_26' title="bbox 309 4957 1557 5106; baseline 0.006 -47"><span class='ocrx_word' id='word_1_172' title='bbox 309 4957 636 5062; x_wconf 81' lang='lat' dir='ltr'>Praetemadit</span> <span class='ocrx_word' id='word_1_173' title='bbox 660 4962 795 5064; x_wconf 90' lang='lat' dir='ltr'>enim</span> <span class='ocrx_word' id='word_1_174' title='bbox 820 5002 919 5064; x_wconf 85' lang='lat' dir='ltr'>vox</span> <span class='ocrx_word' id='word_1_175' title='bbox 942 4961 1131 5066; x_wconf 85' lang='lat' dir='ltr'>fauceis</span> <span class='ocrx_word' id='word_1_176' title='bbox 1157 5003 1306 5103; x_wconf 86' lang='lat' dir='ltr'>saepe,</span> <span class='ocrx_word' id='word_1_177' title='bbox 1334 4963 1557 5106; x_wconf 83' lang='lat' dir='ltr'>facitque</span> 
     </span>
     <span class='ocr_line' id='line_1_27' title="bbox 307 5131 1434 5277; baseline 0.008 -43"><span class='ocrx_word' id='word_1_178' title='bbox 307 5131 581 5274; x_wconf 88' lang='lat' dir='ltr'>Asperiora</span> <span class='ocrx_word' id='word_1_179' title='bbox 603 5135 737 5239; x_wconf 90' lang='lat' dir='ltr'>foras</span> <span class='ocrx_word' id='word_1_180' title='bbox 760 5137 1000 5277; x_wconf 86' lang='lat' dir='ltr'>gradiens</span> <span class='ocrx_word' id='word_1_181' title='bbox 1022 5140 1206 5242; x_wconf 87' lang='lat' dir='ltr'>arteria</span> <span class='ocrx_word' id='word_1_182' title='bbox 1230 5142 1434 5243; x_wconf 88' lang='lat' dir='ltr'>clamor.</span> 
     </span>
    </p>
   </div>
   <div class='ocr_carea' id='block_1_3' title="bbox 0 0 2304 6112">
    <p class='ocr_par' dir='ltr' id='par_1_4' title="bbox 0 0 2304 6112">
     <span class='ocr_line' id='line_1_28' title="bbox 0 0 2304 6112; baseline 0 0"><span class='ocrx_word' id='word_1_183' title='bbox 0 0 2304 6112; x_wconf 95' lang='lat' dir='ltr'> </span> 
     </span>
    </p>
   </div>
  </div>
 </body>
</html>
