4598 6112
777 508 1075 608 'trena
1137 513 1536 607 ruamus
1824 490 1923 625 ‘rar

429 775 688 879 Pertineat
714 778 999 919 quidquam
1023 797 1195 872 tamen
1220 773 1283 872 ad
1304 812 1394 873 nos
1418 773 1471 872 id
1492 773 1633 912 quod
1657 772 1864 900 factum,

296 1004 298 1008 ⁸
428 949 722 1090 Interrupta
747 952 900 1052 semel
928 987 1085 1089 quom
1112 947 1176 1047 sit
1198 949 1480 1085 repetentia
1505 970 1690 1051 nostra.

426 1122 495 1226 Et
520 1166 655 1227 nunc
682 1127 753 1227 nil
780 1125 843 1225 ad
871 1114 1051 1226 nos'de
1078 1121 1223 1222 nobis
1249 1123 1445 1243 attinet,
1472 1145 1589 1222 ante

426 1297 533 1420 Qui
558 1298 765 1422 fuimus,
791 1330 884 1401 nec
901 1301 1005 1440 jam
1035 1299 1100 1400 de
1125 1298 1222 1399 ill-is
1248 1336 1341 1397 nos
1364 1298 1537 1398 adficit
1562 1336 1737 1437 angor,

425 1471 569 1593 Quos
594 1475 659 1576 de
684 1478 894 1577 materia
919 1496 1088 1576 nostra
1113 1509 1241 1573 nova
1265 1444 1491 1610 proferet
1515 1494 1665 1573 aetas:

423 1646 562 1750 Nam
588 1689 745 1789 quom
768 1653 1006 1789 respicias
1031 1649 1261 1749 immensi
1289 1647 1527 1784 temporis
1553 1685 1701 1748 omne

421 1821 744 1926 Praeteritum
770 1827 1006 1963 spatium,
1033 1812 1144 1924 tum
1170 1845 1337 1923 motus
1362 1823 1589 1923 materiai

317 2030 322 2041 ·
420 1995 718 2100 Multimodi
745 2034 900 2136 quam
926 1998 1027 2098 sint
1041 2038 1056 2122 3
1093 1994 1238 2097 facile
1264 1995 1359 2098 hoc
1385 1997 1657 2099 adcredere
1681 1998 1860 2137 possis,

418 2171 623 2274 Semina
649 2210 784 2310 saepe
809 2173 862 2271 in
889 2171 1084 2291 eodem,
1111 2194 1171 2271 ut
1195 2211 1330 2272 nunc
1356 2195 1489 2294 suut,
1525 2173 1701 2273 ordine
1727 2197 1903 2312 posta:

302 2318 307 2327 ⁸
418 2345 534 2450 Nec
558 2349 769 2449 memori
794 2369 964 2447 tamen
990 2344 1043 2446 id
1069 2347 1274 2484 quimus
1299 2346 1614 2484 deprendere
1640 2369 1826 2451 mente.

415 2521 558 2625 Inter
582 2526 715 2624 enim
734 2521 872 2661 jecta
897 2544 973 2622 est
996 2521 1118 2622 vitai
1137 2558 1312 2659 pausa,
1339 2560 1572 2661 vageque

413 2693 735 2800 Deerrbrunt
757 2699 944 2836 passim
969 2719 1135 2797 motus
1159 2696 1224 2797 ab
1251 2696 1479 2799 sensibus
1503 2737 1694 2804 omnes

483 2871 659 2975 Debet
672 2875 1016 2996 enim,misere
1027 2874 1152 3014 quoi
1164 2846 1294 2973 forte
1309 2911 1549 3012 aegreque
1564 2852 1794 2977 futurum
1810 2900 1902 3000 est,

406 3045 531 3187 ‘Ipse
546 3086 755 3188 quoque
772 3046 952 3151 esseio
970 3042 1034 3150 eo
1048 3071 1576 3188 tumtempore,quom
1596 3048 1727 3151 male
1742 3056 1903 3190 possit

407 3221 682 3324 Accidere:
723 3245 775 3322 at
800 3226 1040 3362 quoniam
1066 3262 1200 3325 mors
1226 3224 1403 3323 eximit
1426 3224 1512 3343 im,
1538 3223 1899 3366 prohibetque,

297 3500 303 3511 ,
409 3394 579 3519 Illum,
608 3399 730 3536 quoi
755 3401 950 3536 possint
976 3400 1294 3537 incommoda
1319 3398 1573 3500 conciliari

350 3658 351 3663 Ν
406 3568 535 3674 Haec
554 3571 746 3692 eadem,
768 3573 1027 3712 inquibus
1046 3597 1098 3675 et
1113 3614 1247 3675 nunc
1264 3613 1353 3674 nos
1369 3612 1559 3695 sumus,
1575 3597 1692 3676 ante
1710 3573 1896 3705 fuisse3

409 3744 547 3848 Scire
579 3747 698 3847 licet
721 3746 867 3849 nobis
892 3749 1021 3851 nihil
1047 3790 1151 3852 esse
1177 3751 1226 3849 in
1255 3772 1416 3849 morte
1442 3751 1757 3885 timendum:
1804 3864 1809 3873 ,

404 3918 519 4022 Nec
545 3923 782 4022 miserum
806 3923 935 4046 fieri,
961 3927 1051 4064 qui
1077 3965 1180 4026 non
1205 3945 1296 4044 est,
1322 3963 1498 4061 posse,
1523 3964 1706 4065 ‚neque
1730 3903 1893 4031 hilum

403 4094 642 4217 Differre,
670 4134 734 4195 an
760 4099 903 4200 nullo
927 4099 1084 4202 fuerit
1100 4100 1207 4238 jam
1233 4122 1462 4238 ternpore
1488 4123 1656 4221 natus,

401 4261 675 4373 Mortalem
698 4272 854 4373 vitam
879 4314 1013 4376 mors
1041 4277 1163 4414 quoi
1189 4275 1485 4375 immortalis
1511 4275 1718 4380 ademit.

467 4443 690 4547 Proinde
709 4446 799 4548 ubi
825 4487 876 4550 se
901 4451 1071 4552 videas
1091 4448 1354 4551 hominem
1374 4450 1688 4589 indignarier
1705 4453 1888 4591 ipsum,

399 4618 521 4723 Post
547 4645 758 4723 mortem
784 4619 909 4746 fore,
936 4648 996 4726 ut
1015 4648 1104 4726 aut
1126 4647 1384 4764 putrescat
1409 4663 1619 4765 corpore
1640 4651 1805 4766 posto,

396 4794 505 4897 Aut
529 4797 746 4923 flammis
771 4799 1009 4924 interfiat,
1035 4802 1242 4903 malisve
1265 4801 1491 4902 ferarum·
1503 4843 1517 4926 ;

397 4969 536 5074 Scire
563 4973 696 5094 licet,
723 5013 827 5075 non
852 4977 1104 5078 sincerum
1130 5014 1324 5098 sonere,
1350 5000 1506 5117 atque
1533 4975 1736 5119 subesse
1867 5110 1872 5115 ³

331 5294 341 5315 .
382 5144 604 5295 'Caecum
628 5150 852 5292 aliquem
876 5151 1017 5255 cordi
1041 5152 1321 5276 stimulum,
1349 5150 1579 5293 quamvis
1600 5175 1756 5294 neget
1779 5150 1910 5294 ipse¹
