4598 6112
813 514 1082 604 LIBER
1143 513 1496 606 PRIMUS.
1829 516 1886 609 11

402 771 478 875 Ut
501 773 671 911 potius
696 773 867 890 multis
893 776 1179 874 communia
1206 811 1416 910 corpora
1440 771 1591 873 rebus

402 945 573 1047 Multa
596 970 745 1084 putes
771 985 892 1068 esse,
931 971 990 1048 ut
1013 948 1179 1050 verbis
1206 950 1454 1048 elementa
1476 948 1723 1069 videmus,
1841 1066 1844 1071 Α

403 1118 571 1239 Quam
598 1122 703 1219 sine
728 1121 989 1257 principiis
1014 1123 1169 1222 ullam
1195 1162 1301 1222 rem
1327 1125 1540 1222 existere
1564 1159 1726 1259 posse.

471 1291 712 1432 Denique
739 1333 830 1395 cur
854 1293 1082 1395 homines
1107 1319 1273 1396 tantos
1297 1317 1478 1395 natura
1503 1332 1683 1432 parare

402 1465 522 1606 Non
550 1471 733 1605 potuit,
771 1467 988 1606 pedibus
1015 1472 1104 1607 qui
1129 1492 1343 1606 pontum
1368 1507 1462 1606 per
1484 1469 1614 1570 vada
1632 1493 1837 1607 possent

399 1639 651 1763 Transire,
690 1666 741 1742 et
765 1681 975 1780 magnos
1001 1641 1232 1743 manibus
1260 1642 1496 1743 divellere
1521 1644 1753 1766 monton,

403 1813 675 1954 Multaque
700 1815 915 1916 vivendo
941 1818 1112 1917 vitalia
1135 1817 1334 1917 vincere
1362 1817 1536 1917 saecla:

403 1990 456 2091 Si
482 2029 581 2091 non
609 1992 840 2092 materies
867 1990 989 2128 qnia
1012 1987 1163 2089 rebus
1188 1989 1388 2089 reddita
1413 2012 1549 2089 certa
1573 2013 1649 2090 est

404 2161 711 2300 Gignundis,
750 2203 777 2263 e
804 2201 907 2300 qna
931 2183 1125 2261 constat
1151 2160 1275 2299 qnid
1302 2163 1460 2297 possit
1485 2165 1636 2265 oriri?

402 2338 519 2456 Νη
541 2340 698 2476 igitur
722 2339 832 2437 fieri
858 2337 922 2436 de
949 2371 1085 2434 N1L0
1113 2371 1258 2471 posse
1283 2332 1547 2435 fatendum
1568 2360 1673 2438 est:
1712 2436 1715 2442 ,
1789 2410 1796 2423 -

402 2511 603 2612 Sernine
630 2512 836 2651 quando
861 2550 989 2649 opus
1009 2534 1084 2610 est
1109 2508 1277 2629 robae,
1305 2547 1410 2648 quo
1440 2546 1662 2651 quaeque
1687 2535 1869 2615 oreatae

400 2686 547 2788 Aeris
572 2688 623 2785 in
651 2707 846 2784 teneras
871 2685 1066 2822 possint
1088 2684 1360 2822 proferrier
1384 2724 1545 2789 auran.

467 2858 730 2963 Postremo
754 2860 994 2995 quoniam
1019 2859 1220 2959 incultis
1244 2881 1484 2995 praestare
1508 2860 1737 2963 videmus

401 3036 555 3140 Culta
578 3039 703 3157 loca,
730 3057 782 3134 et
806 3032 1039 3133 manibus
1065 3034 1312 3134 melioreis
1338 3033 1550 3134 reddere
1575 3034 1754 3161 foetus3

399 3212 522 3314 Esse
546 3210 781 3312 videlicet
805 3209 857 3306 in
882 3208 1027 3307 terris
1051 3206 1328 3344 primordia
1351 3246 1538 3329 rerum,

401 3385 534 3506 Quae
560 3423 667 3505 nos,
693 3380 952 3483 foecundas
975 3403 1226 3483 vertentes
1249 3419 1450 3482 vomere
1476 3381 1668 3521 glebas,

396 3559 676 3697 Terraiqne
703 3558 864 3657 solum
891 3553 1198 3692 subigentes
1223 3557 1382 3656 cimus
1407 3554 1471 3654 ad
1496 3577 1655 3657 ortus,

401 3735 556 3857 Quod
584 3735 622 3833 si
651 3732 793 3832 nulla
815 3729 998 3849 forent,
1024 3751 1194 3828 nostro
1221 3730 1326 3829 sine
1353 3766 1574 3868 quaeque
1598 3728 1771 3833 labore

400 3906 592 4048 Sponte
619 3944 710 4006 sua
733 3905 895 4005 multo
920 3904 1029 4002 fieri
1054 3902 1494 4023 melioravideres.

446 4079 588 4220 *Huc
613 4077 823 4195 aceedit,
850 4078 926 4174 uti
954 4075 1185 4213 quidque
1210 4077 1264 4175 in
1290 4113 1380 4176 sua
1405 4112 1617 4213 corpora
1637 4113 1839 4180 rursum

396 4257 653 4359 Dissolvat
677 4273 872 4369 natura,
899 4286 1066 4387 neque
1093 4248 1154 4349 ad
1182 4247 1399 4349 nihilum
1425 4251 1681 4358 interimat
1704 4292 1798 4357 res.

467 4430 623 4550 Nam,
651 4430 691 4528 si
719 4425 843 4565 quid
871 4426 1080 4526 mortale
1106 4465 1134 4525 e
1159 4427 1353 4527 cunctis
1376 4424 1608 4564 partibus
1634 4451 1778 4551 esset,

342 4582 345 4587 Ι
398 4606 481 4709 Ex
504 4605 662 4707 oeulis
687 4639 766 4702 res
792 4636 1015 4738 quaeque
1040 4622 1248 4738 repente
1274 4622 1448 4738 erepta
1471 4603 1691 4738 periret3

397 4781 561 4917 Nulla
583 4779 633 4879 vi
656 4776 788 4875 foret
812 4813 935 4874 usus
955 4774 1108 4892 enim,
1144 4811 1261 4915 quae
1285 4771 1517 4912 partibus
1542 4773 1650 4911 ejus
1707 4831 1710 4837 ·

396 4955 682 5058 Discidium
707 4987 902 5089 parere,
930 4970 982 5048 et
1004 4986 1167 5048 nexus
1192 4949 1446 5049 exsolvere
1472 4971 1657 5087 posset.
1778 4996 1784 5003 ·

291 5128 295 5135 ’
397 5128 555 5252 Quod
579 5165 732 5246 nuno,
761 5146 950 5225 aeterno
977 5124 1099 5262 quia
1123 5142 1354 5224 constant
1377 5124 1567 5226 semine
1593 5161 1831 5266 quaeque,

1108 5303 1125 5345 c
1135 5296 1152 5346 2
