4598 6112
347 506 352 511 ’
420 559 516 657 rto
738 565 798 654 r.
865 556 1284 651 Lucanum
1349 557 1562 651 cunr

416 821 679 944 Quantula
705 821 854 920 sunt?
893 814 1050 956 quid?
1087 838 1335 952 praeterea
1348 816 1638 952 ⁸primordia
1663 853 1902 954 quaeque,

413 995 567 1098 Unde
581 997 762 1113 anima,
784 991 1101 1130 atqueauimi
1120 1011 1316 1090 constet
1334 1011 1515 1089 natura
1529 1028 1788 1091 necessum
1809 1012 1901 1111 est,

418 1168 608 1271 Nonne
633 1167 789 1286 vides,
818 1202 971 1303 quam
998 1163 1098 1264 sint
1123 1163 1343 1283 subtilia,
1371 1200 1630 1301 quamque
1655 1164 1884 1263 minuta?

482 1341 752 1460 Praeterea‚
781 1348 1105 1477 quaeounque
1133 1375 1224 1437 suo
1250 1337 1313 1437 de
1339 1376 1548 1475 corpore
1574 1336 1783 1438 odorem

412 1515 689 1654 Exspirant
715 1551 896 1632 aorem,
912 1549 1155 1652 panaces,
1183 1508 1435 1613 absinthia
1460 1534 1608 1633 tetra,

408 1691 763 1826 Abrotonique
789 1724 982 1825 graves,
1010 1707 1063 1786 et
1086 1685 1249 1787 tristia
1273 1707 1571 1808 centaurea3
1664 1818 1673 1837 ¹

410 1862 611 1963 Horum
640 1859 1016 1997 unumquodvis
1040 1859 1218 1960 leviter
1243 1861 1287 1960 si
1309 1860 1438 1958 forte
1464 1858 1634 1977 ciebis,

408 2034 803 2173 Quamprimum
831 2070 1003 2133 noscas
1029 2070 1199 2133 rerum
1225 2034 1492 2134 simulacra
1516 2071 1699 2169 vagare

406 2209 581 2313 Multa
605 2208 768 2309 modis
795 2207 985 2328 multis,
1014 2208 1157 2310 nulla
1179 2210 1245 2328 vi,
1273 2245 1513 2343 cassaque
1541 2245 1720 2307 sensu:

406 2385 642 2506 Quorum
669 2381 917 2521 quantula
939 2418 1056 2518 pars
1081 2384 1145 2482 sit
1170 2384 1353 2519 imago,
1381 2380 1545 2480 dicere
1571 2417 1719 2478 nemo
1745 2399 1821 2480 est

404 2559 511 2681 Qui
536 2560 709 2698 possit,
736 2594 903 2693 neque
929 2594 1037 2656 eam
1064 2558 1310 2657 rationem
1337 2553 1547 2655 reddere
1574 2553 1737 2656 dictis.

404 2734 505 2833 Sed
533 2772 598 2832 ne
624 2732 752 2831 forte
778 2752 929 2867 putes
954 2768 1013 2830 ea
1037 2730 1239 2830 demum
1267 2731 1372 2829 sola
1394 2767 1595 2866 vagare,

403 2904 747 3042 Quaeounque
773 2901 837 3001 ab
864 2903 1017 3005 rebus
1042 2943 1211 3006 rerum
1238 2904 1504 3005 simulacra
1528 2906 1806 3011 recedunt:
1936 2949 1942 2960 ·

402 3080 536 3181 Sunt
559 3080 727 3196 etiam,
756 3064 875 3216 quae
901 3103 1079 3215 sponte
1104 3119 1193 3179 sua
1218 3081 1516 3216 gignuntur,
1545 3104 1598 3180 et
1620 3082 1731 3220 ipsa
1809 3101 1839 3223 ſs

404 3255 802 3355 Constituuntur
826 3254 879 3351 iu
905 3251 999 3354 hoo
1025 3254 1167 3375 ooelo,
1195 3253 1286 3389 qui
1313 3251 1498 3351 dicitur
1524 3255 1610 3351 aer
1625 3295 1638 3376 3

402 3427 535 3548 Quae
562 3427 734 3526 multis
760 3424 976 3526 formata
999 3426 1161 3526 modis
1187 3423 1400 3524 sublime
1422 3421 1674 3546 feruntur,

401 3601 516 3704 Nec
542 3600 760 3735 speeiem
786 3622 983 3700 mutare
1009 3639 1148 3699 suam
1175 3601 1426 3740 liquentia
1450 3622 1661 3720 cessant,

401 3773 471 3874 Et
497 3774 923 3913 quoiusquemodi
949 3773 1224 3874 formarum
1249 3795 1442 3874 vertere
1467 3776 1519 3873 in
1545 3812 1645 3873 ora.

398 3948 474 4052 Ut
501 3949 681 4050 nubeis
707 3948 852 4050 facile
880 3948 1135 4049 interdum
1161 3987 1478 4051 concresuere
1503 3951 1555 4050 in
1583 3951 1685 4052 alto

401 4122 684 4246 Cernimus,
714 4147 767 4225 et
792 4122 969 4224 mundi
997 4124 1214 4260 speciem
1238 4125 1424 4226 violare
1451 4163 1696 4247 serenam,

249 4282 255 4292 ⁸
396 4300 533 4401 Aera
559 4299 858 4399 mulcenteis
885 4321 1057 4399 motu:
1095 4338 1213 4400 nam
1239 4337 1373 4439 saepe
1398 4302 1665 4440 gigantum

398 4473 506 4575 Ora
532 4472 700 4571 volare
726 4472 980 4603 videntur,
1008 4495 1059 4573 et
1082 4471 1317 4574 umbram
1343 4473 1525 4577 ducere
1544 4479 1675 4582 late:

397 4650 664 4753 Interdum
697 4648 868 4785 magni
895 4672 1108 4771 montes,
1136 4618 1406 4790 avolsaque
1432 4689 1553 4753 saxa

397 4822 680 4942 Montibus,
712 4824 903 4924 anteire
930 4846 980 4924 et
1005 4802 1159 4927 solem
1185 4827 1452 4930 succedere
1476 4851 1692 4966 praeter3

398 4995 525 5097 Inde
553 4997 675 5097 alios
701 4997 917 5120 trahere,
944 5021 1098 5139 atque
1124 5000 1365 5100 inducere
1390 4999 1561 5103 bellua
1584 5001 1800 5108 nimbos.

467 5168 518 5270 N
527 5191 623 5269 uno
648 5211 707 5271 ea
732 5211 886 5310 quam
913 5173 1048 5275 facili
1076 5189 1128 5274 et
1151 5177 1300 5277 celeri
1328 5178 1519 5279 ratione
1545 5163 1814 5317 genantur,

396 5346 755 5484 Perpetuoque
781 5347 946 5447 fluant
970 5347 1034 5448 ab
1061 5349 1227 5472 rebus,
1254 5350 1500 5492 lapsaque
1526 5352 1723 5457 cedant.
