4598 6112
468 483 538 594 40
797 493 858 582 Τ.
926 485 1354 582 LUCRETII
1418 481 1630 575 CARI

469 750 539 854 Et
562 749 708 890 quasi
733 789 925 852 musaeo
951 746 1407 894 dulci-contingere
1434 746 1600 858 melle,

471 925 526 1026 Si
549 923 647 1027 tibi
671 924 803 1025 forte
829 924 1054 1025 animum
1080 923 1168 1023 tali
1195 920 1388 1021 rationo
1414 941 1588 1020 tenere

466 1096 715 1204 Versibus
739 1101 793 1202 in
818 1099 1002 1202 nostris
1025 1136 1241 1237 possem,
1269 1094 1394 1225 dum
1418 1096 1667 1233 perspicis
1691 1132 1894 1201 omnem

468 1275 724 1382 Naturam
749 1313 937 1400 rerum,
965 1310 1070 1411 qua
1094 1293 1290 1371 constet
1314 1293 1515 1409 compta
1540 1271 1721 1410 figura.
1863 1363 1865 1368 .

542 1450 643 1551 Sed
661 1451 910 1591 quonium
937 1446 1104 1564 docui,
1132 1445 1433 1546 solidissima
1457 1449 1686 1549 materiai

473 1620 702 1763 Corpore
724 1644 979 1762 perpetuo
1003 1594 1213 1721 volitare
1239 1619 1426 1722 invicta
1451 1659 1544 1759 per
1568 1662 1757 1749 aevom3

470 1795 629 1900 Nunc
655 1835 765 1934 age,
792 1802 1009 1906 summai
1035 1793 1274 1934 quaedam
1300 1795 1365 1894 sit
1389 1796 1505 1896 finis
1529 1834 1721 1917 eorum,
1851 1894 1855 1899 ,

471 1971 651 2075 Neone
672 1973 752 2093 sit,
774 1971 1089 2072 evolvamus:
1117 1969 1240 2069 item
1260 1969 1398 2108 quod
1419 1969 1568 2071 inane
1589 1994 1852 2110 repertum
1871 1993 1964 2093 est,

469 2145 572 2247 Seu
592 2145 748 2267 locus,
770 2183 826 2246 ao
852 2146 1090 2283 spatium,
1117 2184 1197 2245 res
1222 2145 1276 2243 in
1301 2181 1415 2283 quo.
1432 2183 1657 2285 quaeque
1677 2169 1940 2285 gerantur,
2000 2207 2002 2212 ·

468 2319 832 2423 Pervideamus
858 2290 1033 2422 utrum
1057 2321 1261 2421 linitum
1287 2317 1522 2419 funditus
1549 2317 1720 2421 Omne

470 2495 699 2616 Constet,
711 2534 775 2596 an
791 2496 1095 2596 immensum
1110 2517 1283 2634 puteat
1298 2493 1377 2594 vel
1387 2491 1619 2634 adusque
1633 2475 1965 2634 profundum.

542 2669 712 2773 Omne
734 2668 874 2809 quod
900 2691 993 2790 est,
1018 2670 1193 2807 igitur,
1215 2667 1358 2769 nulla
1382 2667 1590 2806 regione
1613 2671 1810 2773 viarum
1881 2768 1884 2772 .

469 2845 828 2970 Finitumxest:
868 2880 985 2942 nam
1006 2881 1112 2982 qua
1136 2866 1422 2944 extremum
1448 2840 1668 2946 debebat
1693 2843 1913 2985 heberei
1963 2848 1968 2853 ’

470 3017 775 3154 Extremum
802 3055 952 3157 porro
973 3017 1166 3118 nullius
1187 3055 1334 3157 posse
1359 3015 1564 3121 videtur.
1699 3110 1704 3117 .
1734 3112 1740 3125 .

469 3193 611 3315 Esse,
638 3195 737 3294 nisi
761 3191 898 3292 ultra
923 3193 987 3292 sit
1002 3192 1153 3332 quod,
1168 3193 1329 3314 finiat,
1356 3216 1416 3293 ut
1431 3192 1679 3315 videatur,

472 3364 593 3489 Quo
618 3406 721 3468 non
739 3366 944 3506 longius
967 3363 1078 3468 haeo
1103 3405 1281 3469 sensus
1306 3391 1488 3469 natura
1513 3393 1776 3509 sequatur.
1819 3467 1821 3471 .
1891 3468 1894 3475 .

470 3546 629 3651 Nune
646 3568 791 3646 extra
806 3579 1056 3667 summam
1077 3543 1320 3681 quoniam
1335 3542 1580 3645 nihilesse
1595 3543 1860 3650 fatendum
1876 3569 1967 3672 est,

469 3720 595 3826 Non
620 3718 777 3820 habet
801 3739 1114 3818 extremum:
1154 3742 1293 3819 earet
1312 3758 1435 3857 ergo
1464 3719 1582 3841 fine,
1609 3723 1894 3865 modoque:
1973 3831 1975 3835 ,

414 4031 417 4036 .
470 3893 584 3998 Nec
604 3892 758 3994 refert
777 3888 965 4031 quibus
989 3890 1199 3993 adsistas
1223 3893 1517 4033 regionibus
1540 3897 1664 4036 ejus,

468 4067 651 4210 Usque
671 4066 797 4167 adeo
820 4103 974 4206 quem
1001 4068 1221 4207 quisque
1238 4071 1409 4173 locum
1429 4072 1657 4210 possidit,
1678 4076 1732 4175 in
1757 4079 1952 4179 omneis

466 4217 793 4347 Tantundem
811 4241 999 4380 parteis
1014 4241 1271 4345 inlinitum
1300 4241 1469 4347 Omne
1494 4247 1756 4387 relinquit.
1870 4259 1871 4263 '

540 4414 808 4535 Praeterea,
836 4416 906 4515 sio
921 4414 1030 4552 jam
1055 4415 1257 4516 finitum
1282 4423 1622 4523 constituatur

398 4649 417 4657 ·’
472 4593 641 4699 Omne
668 4590 806 4732 quod
834 4612 910 4690 est
935 4589 1171 4727 spatium,
1198 4591 1240 4690 si
1259 4592 1374 4730 quis
1397 4616 1666 4733 procurrat
1683 4595 1748 4698 ad
1773 4634 1884 4699 oras

469 4769 696 4874 Ultimus
721 4788 988 4888 extremas,
1007 4766 1270 4907 jaciatque
1294 4768 1498 4871 volatile
1523 4771 1701 4893 telum,

370 5072 379 5077 α
470 4944 532 5047 Id
558 4945 735 5047 validis
759 4965 931 5044 utrum
958 4965 1251 5045 contortum.
1271 4943 1461 5046 viribus
1487 4946 1559 5045 ire

472 5116 592 5241 Quo
611 5118 765 5225 fuerit
781 5119 995 5220 missum
1020 5118 1193 5247 mavis,
1214 5118 1472 5258 longeque
1498 5119 1701 5241 voloro,·
