4598 6112
697 528 698 532 '
753 523 1027 612 LIBER
1092 522 1450 614 PRIMUS·
1807 520 1838 612 5

353 775 547 901 Funde,
573 804 752 919 petens
776 781 1029 919 placidam
1056 779 1313 900 Romanis,
1340 779 1548 899 incluta,
1575 816 1766 917 pacem.

352 946 490 1051 Nam
516 989 683 1093 neque
710 994 800 1056 nos
826 993 975 1094 agere
1000 952 1096 1056 hoe
1120 955 1303 1093 patriai
1327 975 1554 1094 tempore
1579 954 1756 1093 iniquo

350 1120 625 1228 Possumus
651 1167 799 1267 aequo
816 1131 983 1229 animo
992 1171 1005 1255 3
1032 1124 1200 1268 neque
1218 1127 1432 1229 Memmi
1456 1128 1591 1230 clara
1608 1166 1836 1269 propago

229 1312 233 1321 ’
346 1294 558 1400 Talibus
584 1302 638 1403 in
665 1303 817 1404 rebus
843 1305 1098 1406 communi
1124 1304 1296 1404 deesse
1322 1304 1487 1406 saluti.

349 1469 502 1593 Quod
529 1501 772 1613 superest,
798 1517 979 1585 vacuas
1005 1480 1168 1579 aureis
1193 1477 1332 1598 mihi,
1362 1475 1689 1599 Memmiada,
1716 1502 1768 1580 et
1785 1500 1835 1579 te

299 1670 303 1679 '
349 1645 609 1750 Semotum
634 1689 664 1750 a
689 1653 821 1773 curis
841 1652 1026 1754 adhibe
1048 1655 1221 1755 ⁴veram
1246 1652 1311 1753 ad
1337 1654 1606 1777 rationem3

349 1808 435 1923 Ne
459 1863 573 1957 mea
597 1825 731 1927 dona
754 1824 849 1926 tibi
876 1826 1044 1928 studio
1070 1827 1294 1965 disposta
1305 1825 1467 1955 fideli,

349 1993 614 2098 Intellecta
638 2001 780 2136 prius
807 2037 960 2138 quam
986 2001 1102 2133 sint,
1123 2021 1415 2137 contempta
1439 2000 1710 2138 relinquas.

348 2166 400 2271 N
404 2209 484 2271 am
510 2171 697 2325 tibisde
723 2210 919 2275 summa
943 2173 1055 2274 eoeli
1079 2175 1290 2295 ratione,
1312 2172 1584 2314 detlmque,

345 2341 606 2447 Disserere
632 2347 886 2483 incipiam,
912 2369 964 2448 et
988 2385 1157 2450 rerum
1181 2347 1459 2486 primordia
1481 2349 1726 2485 pandam3
1768 2335 1771 2340 ’

300 2649 317 2667 γ’
343 2517 498 2622 Unde
524 2524 716 2622 omneis
740 2544 921 2622 natura
947 2542 1083 2621 creet
1106 2557 1202 2641 res,
1228 2542 1413 2666 auctet,
1440 2523 1674 2661 alatque3

345 2693 526 2816 Quove
552 2697 729 2799 eadem
755 2734 957 2798 rursum
982 2718 1164 2797 natura
1180 2720 1445 2834 perempta
1467 2699 1704 2841 resolvat:

346 2865 478 2989 Quae
504 2908 596 2970 nos
620 2869 899 2992 materiem,
926 2893 978 2971 et
1001 2868 1245 3008 genitalia
1267 2908 1479 3008 corpora
1502 2871 1655 2974 rebus
1693 2907 1697 2918 ’
1797 2842 1803 2861 s

295 3163 298 3170 Ι
342 3041 634 3144 Reddunda
657 3045 710 3142 in
736 3043 933 3143 ratione
952 3078 1145 3162 vocare,
1173 3064 1225 3142 et
1248 3044 1439 3143 semina
1465 3081 1632 3158 rerum

340 3218 616 3357 Appellare
644 3221 865 3338 suemus,
892 3215 1078 3318 ethaeo
1103 3216 1279 3317 eadem
1305 3254 1550 3355 usurpare

343 3386 569 3528 Corpora
594 3391 775 3527 prima,
804 3389 944 3530 quod
968 3428 1033 3490 ex
1058 3389 1156 3489 illis
1182 3410 1301 3490 sunt
1324 3393 1493 3493 omnia
1515 3393 1707 3529 primis.
1825 3500 1828 3505 ,

299 3670 306 3683 ,
414 3564 596 3668 Omnis
622 3568 755 3668 enim
780 3603 875 3704 per
900 3603 950 3664 se
978 3563 1144 3665 divdm
1168 3585 1349 3664 natura
1372 3602 1573 3665 neeesse
1599 3588 1676 3681 est

242 3779 243 3782 ‘
341 3737 621 3841 Immortali
647 3778 754 3841 aevo
780 3777 976 3840 summa
1000 3775 1116 3838 cum
1140 3775 1265 3876 paee
1290 3735 1504 3860 fruatur,

184 3991 187 3999 ·
340 3913 544 4031 Semota
569 3913 633 4015 ab
661 3916 847 4015 nostris·
868 3911 1036 4033 rebus,
1064 3910 1391 4051 sejunctaque
1409 3914 1585 4054 longe3

339 4084 477 4191 Nam
502 4090 700 4228 privata
718 4088 890 4188 dolore
916 4089 1070 4208 omni,
1097 4089 1292 4225 privata
1316 4089 1535 4227 periclis,

337 4261 457 4403 Ipsa
483 4265 583 4364 suis
608 4263 806 4401 pollens
832 4261 1031 4400 opibuS,
1057 4261 1186 4362 nihil
1211 4262 1389 4400 indiga
1411 4264 1589 4384 nostri,
1659 4268 1688 4329 Γ

336 4437 449 4543 Nee
475 4438 604 4540 bene
628 4436 914 4576 promeritis
940 4440 1153 4576 eapitur,
1179 4446 1272 4538 nee
1296 4436 1525 4574 tangitur
1548 4439 1637 4541 ira.

406 4613 650 4716 Humana
673 4635 790 4712 ante
816 4611 988 4743 oculos
1012 4610 1144 4712 foede
1171 4649 1328 4751 quom
1350 4611 1454 4711 vita
1469 4609 1661 4751 jaceret

337 4787 400 4890 In
426 4788 571 4889 terris
596 4823 836 4926 oppressa
860 4787 1002 4924 gravi
1027 4784 1121 4886 sub
1147 4784 1449 4924 Relligione,

334 4964 468 5087 Quae
493 4984 648 5100 caput
672 5000 701 5061 a
734 4962 843 5061 coeli
870 4957 1163 5098 regionibus
1189 4957 1504 5081 ostendebat,

336 5134 584 5242 Horribili
610 5173 762 5274 super
787 5135 1032 5274 adspectu
1056 5132 1356 5237 mortalibus
1380 5134 1594 5260 instant,
1747 5238 1753 5253 ,
