4598 6112
765 550 1048 645 LIBER
1112 551 1522 647 QUINTUS·
1777 549 1878 657 237

386 805 454 911 Et
477 813 618 948 prior
642 813 754 912 aeris
780 834 887 912 erat
913 848 1074 951 quam'
1094 810 1214 913 ferri
1240 813 1648 950 cognitus·usus;
1672 826 1676 835 '

384 984 503 1106 Quo
528 987 688 1088 facilis
714 988 873 1124 magis
898 1010 977 1086 est
1000 1010 1199 1106 natura,
1225 1010 1277 1087 et
1302 989 1448 1125 copia
1472 985 1658 1124 major.1
1824 1049 1826 1053 <
1876 1002 1879 1015 '

379 1160 505 1261 AEre
533 1163 695 1263 solum
720 1183 870 1261 terrae
894 1160 1195 1281 tractabant,
1224 1199 1426 1301 aereque
1450 1159 1573 1260 belli
1667 1288 1673 1314 1

212 1395 217 1402 ·
381 1326 670 1437 Miscebant
693 1338 896 1458 fluetuS,
924 1358 976 1436 et
999 1336 1208 1436 volnera
1232 1358 1371 1437 vasta
1395 1333 1643 1453 serebant,

292 1510 314 1541 '⁵
378 1508 447 1610 Et
471 1549 632 1648 pecus
657 1533 812 1650 atque
838 1548 991 1648 agros
1011 1507 1333 1609 adimebant:
1373 1545 1489 1608 nam
1514 1507 1661 1608 facile
1686 1507 1799 1609 ollis

379 1684 568 1787 Omnia
594 1685 844 1787 cedebant
869 1685 1076 1786 armatis
1098 1683 1240 1783 nnda
1264 1706 1316 1782 et
1340 1684 1548 1786 inerma.
1664 1789 1668 1801 ,

377 1856 508 1960 Inde
532 1862 821 1961 minutati-m
843 1862 1088 1998 processit
1111 1857 1304 1959 ferreus
1329 1860 1476 1977 ensis,

374 2031 640 2173 Versaque
664 2036 720 2134 in
743 2034 1075 2172 opprobrium
1103 2035 1298 2177 speeies
1318 2056 1395 2133 est
1417 2032 1558 2133 falcis
1584 2031 1780 2154 ahenea,

374 2205 445 2307 Et
469 2209 602 2309 ferro
627 2247 827 2346 coepere
849 2209 1010 2310 solum
1035 2211 1358 2346 proscindere
1382 2194 1561 2330 terrae3

376 2378 766 2522 Exaequataque
792 2407 912 2484 sunt
936 2385 1131 2520 creperi
1157 2386 1432 2485 certamina
1455 2383 1599 2485 belli.

442 2553 511 2654 Et
537 2557 679 2693 prins
703 2579 779 2656 est
804 2579 1053 2657 armatum
1077 2559 1129 2657 in
1156 2559 1276 2698 equi
1296 2555 1633 2658 conscendere·
1650 2579 1825 2678 costae,

373 2725 442 2828 Et
467 2728 776 2849 moderarier
799 2727 936 2831 hunc
961 2730 1155 2852 fraeniS,
1178 2732 1459 2869 dextraque
1483 2731 1654 2868 vigere
1671 2773 1691 2852 3.

372 2900 541 3023 Quam
568 2903 744 3042 bijugo
769 2932 921 3005 curru
948 2904 1066 3005 belli
1094 2928 1290 3006 tentare
1314 2905 1533 3041 pericla:

371 3075 439 3176 Et
465 3077 641 3216 bijugo
665 3079 806 3214 prius
831 3100 906 3177 est
933 3116 1088 3216 quam
1113 3078 1191 3178 bis
1216 3079 1527 3216 conjungere
1552 3076 1720 3197 binos,¹

369 3248 440 3351 Et
464 3289 616 3390 quam
642 3250 892 3353 faiciferos
918 3245 1180 3354 inventum
1205 3252 1510 3353 adscendere
1535 3257 1733 3353 currusss.

369 3422 497 3526 Inde
523 3424 675 3526 boves
703 3423 866 3526 Lucas
891 3429 1074 3533 turrito
1100 3465 1308 3565 corpore
1331 3449 1491 3527 tetros·

364 3600 718 3737 Anguimanos
740 3598 861 3697 belli
888 3598 1170 3701 docuerunt
1192 3600 1398 3701 volnera
1422 3596 1567 3699 Poeni

368 3772 607 3894 Sufferre,
633 3794 686 3872 et
712 3810 916 3911 magnas
943 3773 1125 3875 Martis
1150 3772 1356 3873 turbare
1382 3794 1625 3873 catervae..
1787 3831 1793 3840 ·

223 4026 226 4031 2
365 3945 449 4048 Sic
474 3947 574 4047 alid
602 3987 666 4047 ex
692 3948 789 4047 alio
814 3950 1015 4084 peperit
1040 3948 1289 4048 discordia
1313 3947 1483 4065 tristia,

211 4223 216 4236 ,
365 4118 416 4220 H
421 4120 625 4220 orribile
652 4117 885 4220 humanis
911 4121 1051 4259 quod
1076 4122 1316 4260 gentibus
1341 4143 1471 4222 esset
1494 4121 1551 4219 in·
1574 4122 1723 4223 armis
1742 4162 1760 4226 ε’

363 4293 529 4434 Inque
556 4296 662 4397 dies
687 4295 807 4395 belli
832 4293 1107 4399 terroribus
1132 4276 1344 4394 addidit.
1354 4332 1589 4432 augmen.

361 4469 647 4572 Tantarum
670 4473 821 4572 etiarn
836 4492 1015 4571 tauros
1039 4471 1092 4569 in
1118 4507 1336 4569 moenere
1361 4466 1498 4589 belli,

360 4642 679 4782 Expertique
706 4682 819 4745 sues
841 4681 1008 4781 aaevos.
1023 4665 1141 4743 sunt
1164 4644 1365 4745 mittere
1389 4643 1443 4742 in
1467 4639 1652 4744 hosteis
1667 4684 1690 4767 ;;
1760 4651 1764 4657 ’

361 4817 432 4919 Et
455 4819 648 4921 validos
671 4816 848 4919 Parthi
874 4856 981 4956 prae
1007 4855 1058 4918 se
1084 4819 1262 4917 misere
1285 4818 1464 4916 leones.

361 4991 493 5096 Cum
520 4992 814 5096 ductoribus
840 4993 1043 5099 armatis
1068 4991 1314 5129 saevisque
1339 4991 1614 5127 magistri'sff

360 5166 465 5288 Qui
490 5168 795 5270 moderarier
817 5165 908 5268 hos
931 5188 1160 5305 possent„
1177 5163 1466 5305 vinclisque·
1480 5182 1691 5292 tenere}
