4598 6112
397 531 499 628 204
722 537 781 623 Τ.
850 534 1283 626 LUCRETII
1349 535 1561 625 CARI

398 791 627 894 Tandem
655 794 955 913 conveniant
980 833 1055 913 ea,
1084 834 1201 932 quae
1229 816 1474 893 conventa
1502 816 1712 930 repente

402 965 711 1104 Magnarum
738 1004 905 1065 rerum
933 966 1058 1066 fiant
1084 967 1292 1067 exordia
1318 1003 1468 1102 saepe,

400 1138 447 1238 T
448 1149 594 1257 errai,
622 1141 788 1258 mariS,
815 1162 865 1236 et
890 1141 1018 1256 coeli,
1045 1142 1349 1276 generisque
1376 1142 1707 1244 animantum.

477 1311 576 1412 Hic
605 1349 770 1450 neque
796 1333 904 1409 turn
931 1314 1047 1410 solis
1074 1338 1184 1413 rota
1209 1316 1345 1414 cerui
1372 1316 1563 1415 lumine
1588 1316 1733 1454 largo

404 1488 684 1599 Altivolans
709 1506 924 1622 poterat,
951 1521 1118 1619 neque
1146 1487 1317 1621 magni
1344 1487 1507 1587 sidera
1533 1491 1728 1609 mundi,

408 1660 522 1762 Nec
551 1699 701 1778 mare,
730 1697 821 1756 nee
847 1657 1044 1774 coelum,
1066 1696 1157 1759 neo
1184 1642 1407 1796 denique
1432 1685 1583 1780 terra,
1606 1701 1773 1801 neque
1796 1666 1897 1782 aer,

408 1833 521 1935 Nec
548 1834 721 1932 similis
749 1832 928 1933 nostris
954 1830 1106 1929 rebus
1132 1871 1210 1931 res
1235 1833 1337 1932 ulla
1359 1834 1548 1936 videri:

410 2007 509 2106 Sed
537 2046 665 2106 nova
690 2029 962 2142 tempestas
989 2008 1242 2146 quaedam,
1271 2008 1528 2145 molesque
1554 2031 1739 2110 coorta.

411 2179 677 2319 Diffugere
704 2179 822 2279 inde
853 2180 945 2280 loci
974 2203 1139 2316 partes
1166 2219 1376 2317 coepere,
1394 2218 1657 2329 paresque

413 2352 544 2454 Cum
571 2353 776 2491 paribus
793 2353 945 2490 jungi
971 2391 1065 2470 reS,
1093 2377 1145 2453 et
1170 2353 1452 2453 discludere
1479 2357 1747 2475 mundum,

414 2527 751 2665 Membraque
777 2526 1017 2645 dividere,
1045 2549 1096 2626 et
1120 2566 1328 2664 magnas
1354 2528 1621 2665 disponere
1646 2531 1835 2666 parteis

412 2699 714 2840 Omnigenis
740 2740 768 2800 e
793 2701 1072 2838 principiis,
1101 2699 1354 2800 discordia
1380 2741 1601 2840 quorum

410 2874 698 2995 Intervalla,
725 2878 844 2990 vias,
871 2914 1144 2993 connexuS,
1171 2875 1415 3010 pondera,
1442 2878 1635 3016 plagas

413 3049 719 3160 Concursus,
748 3073 912 3150 motus
938 3049 1193 3169 turbabat,
1222 3051 1400 3187 proelia
1425 3052 1655 3171 miscens,

415 3223 632 3362 Propter
656 3224 938 3322 dissimileis
964 3224 1146 3323 formas
1171 3226 1434 3362 variasque
1461 3227 1680 3361 figuras;

415 3396 574 3518 Quod
601 3435 701 3496 non
729 3397 901 3525 omnia
922 3399 990 3497 sic
1016 3422 1250 3534 poterant
1275 3401 1543 3537 conjuncta
1568 3441 1786 3523 manere,

416 3571 531 3674 Nec
556 3593 722 3670 motus
749 3572 881 3670 inter
906 3610 1009 3671 sese
1037 3571 1156 3671 dare
1182 3576 1584 3675 convenienteis:

417 3744 531 3847 Hoc
556 3768 633 3846 cst
657 3784 685 3843 a
705 3747 857 3844 terris
883 3748 1041 3846 altum
1068 3784 1325 3845 secernere
1351 3747 1551 3867 coelum,

417 3914 487 4018 Et
511 3956 732 4017 seorsum
759 3956 895 4016 mare
921 3921 996 4017 uti
1023 3940 1213 4017 secreto
1242 3916 1450 4018 humore
1476 3946 1692 4058 pateret,

418 4090 625 4193 Seorsus
651 4094 772 4191 item
797 4094 914 4230 puri
942 4093 1222 4230 secretique
1249 4091 1450 4192 aetheris
1475 4096 1634 4232 ignes,

488 4265 697 4404 Quippe
723 4269 908 4367 etenim
936 4266 1159 4401 primum
1185 4273 1337 4364 terrai
1362 4306 1573 4404 corpora
1598 4269 1854 4411 quaeque,

419 4439 694 4578 Propterea
720 4441 858 4580 quod
885 4462 1029 4539 erant
1054 4439 1240 4574 gravia,
1269 4461 1320 4537 et
1343 4444 1603 4578 perplexa,
1630 4445 1850 4566 coibant,

418 4615 480 4717 ln
507 4615 777 4751 medioque
804 4614 927 4712 imas
953 4607 1223 4747 capiebant
1246 4611 1414 4708 omnia
1439 4615 1612 4718 sedes:

420 4789 554 4911 Quae
579 4812 772 4928 quanto
797 4788 957 4925 magis
983 4787 1115 4884 inter
1140 4822 1190 4882 se
1217 4786 1459 4922 perplexa
1485 4789 1703 4911 coibant,

416 4964 546 5065 'l'am
575 4967 735 5104 magis
761 5002 1052 5101 expressere
1079 5002 1153 5082 ea,
1182 5003 1300 5101 quae
1327 5001 1478 5080 mare,
1507 4963 1686 5080 sidera,
1715 4962 1888 5081 solem,

420 5139 727 5277 Lunamque
755 5140 1026 5258 efficerent,
1054 5162 1105 5238 et
1131 5137 1300 5274 magui
1321 5137 1504 5235 moeuia
1528 5136 1723 5235 mundi.
1860 5218 1865 5223 .
