4598 6112
459 512 558 607 108
782 518 842 606 Τ.
904 515 1336 608 LUCRETII
1399 518 1610 610 CARI

454 778 704 916 Adposita
731 778 936 880 alternis
961 779 1171 901 variare,
1199 818 1256 882 ae
1280 802 1482 879 nectere
1508 774 1751 879 membra.

457 951 596 1055 Nam
623 991 780 1090 quom
806 953 968 1053 multo
994 977 1112 1054 sunt
1136 956 1321 1054 animai
1347 952 1597 1053 elementa
1620 954 1815 1055 minora

459 1127 627 1247 Quam
656 1125 844 1266 quibus
870 1167 897 1226 e
923 1166 1106 1265 corpus
1131 1129 1276 1229 nobis
1302 1151 1354 1227 et
1378 1129 1569 1228 viscera
1593 1135 1840 1246 constant

455 1302 589 1404 Tum
615 1341 828 1403 numero
855 1340 1062 1440 quoque
1089 1303 1391 1422 concedunt,
1419 1325 1470 1402 et
1495 1340 1608 1401 rara
1632 1339 1725 1438 per
1750 1325 1889 1402 artus

458 1475 651 1578 Dissita
676 1500 808 1598 sunt,
837 1477 1086 1577 duntaxat
1110 1500 1169 1578 ut
1193 1475 1289 1576 hoc
1313 1477 1609 1613 promittere
1634 1477 1810 1614 possis,

457 1651 723 1775 Quantula
747 1617 910 1790 prima
936 1675 1128 1789 queant
1152 1651 1298 1752 nobis
1322 1650 1507 1788 injecta
1532 1650 1662 1749 ciere

460 1826 687 1966 Corpora
713 1822 976 1926 sensiferos
1002 1850 1169 1927 motus
1195 1828 1246 1927 in
1273 1863 1500 1963 corpore,
1527 1846 1670 1923 tauta

457 2001 730 2103 Intervalla
754 2024 927 2100 tenere
952 2000 1160 2100 exordia
1183 2002 1349 2138 prima
1373 2001 1574 2100 animai.

459 2175 598 2279 Nam
624 2213 792 2315 neque
818 2176 1040 2313 pulveris
1065 2176 1322 2276 interdum
1349 2177 1592 2317 sentimus
1617 2174 1879 2279 adhaesum

459 2349 703 2489 Corpore,
731 2387 824 2449 nee
849 2350 1090 2450 membris
1115 2351 1367 2451 incussam
1393 2348 1556 2448 sidere
1577 2372 1783 2470 cretam,

458 2521 572 2627 Nec
598 2522 837 2624 nebulam
863 2546 1033 2644 noctu,
1060 2563 1153 2625 nec
1179 2526 1349 2624 aranei
1373 2524 1548 2624 tenuia
1571 2523 1659 2624 fila

459 2697 629 2801 Obvia
654 2699 912 2818 sentimus
942 2699 1148 2837 quando
1172 2696 1453 2809 obretimur
1478 2712 1674 2820 euntes,

459 2870 574 2976 Nec
599 2911 751 3011 supra
776 2896 930 3011 eaput
954 2874 1181 3012 ejusdem
1206 2870 1441 2971 cecidisse
1466 2872 1651 2973 vietam

458 3046 684 3168 Vestem,
705 3087 798 3149 neo
823 3049 1026 3186 plumas
1051 3051 1235 3169 avium,
1255 3083 1558 3185 papposque
1584 3048 1845 3170 volenteis,

460 3220 567 3343 Qui
591 3223 747 3321 nimia
770 3222 972 3324 levitate
1001 3223 1189 3324 cadunt
1214 3227 1521 3365 plerumque
1547 3228 1827 3364 gravatim:

460 3393 516 3497 N
520 3435 577 3497 ec
602 3395 825 3533 repentis
850 3395 978 3495 itum
1005 3398 1470 3540 quojusviscunque
1495 3403 1765 3503 animantis

394 3592 397 3598 ’
463 3536 737 3690 Sentimus,
758 3609 852 3671 nec
877 3572 1021 3709 priva
1045 3569 1474 3712 pedum‘vestigia
1500 3614 1725 3716 quaeque

464 3743 688 3884 Corpore
716 3784 833 3884 quae
859 3747 909 3844 in
937 3769 1108 3847 nostro
1133 3751 1317 3851 culices
1342 3772 1393 3851 et
1417 3773 1598 3851 caetera
1622 3773 1837 3887 ponunt.
1889 3829 1894 3838 .

461 3920 642 4059 Usque
662 3922 788 4022 adeo
811 3924 957 4060 prius
983 3945 1059 4021 est
1084 3924 1136 4023 in
1161 3924 1307 4025 nobis
1334 3925 1494 4024 multa
1517 3925 1754 4025 ciendum
1793 3993 1795 3996 ⁴

354 4194 359 4203 ,
464 4093 685 4214 Semina,
713 4095 1010 4232 corporibus
1035 4103 1217 4201 nostris
1244 4103 1463 4202 immista
1487 4138 1580 4238 per
1604 4124 1760 4222 artuS,

466 4271 637 4394 Quam
662 4273 937 4409 primordia
964 4278 1235 4377 sentiscant
1260 4315 1499 4378 concussa
1524 4277 1725 4394 animai,

465 4445 536 4548 Et
560 4485 714 4586 quam
739 4447 1014 4546 intervallis
1039 4452 1195 4549 tantis
1216 4453 1492 4551 tuditantia
1516 4449 1715 4585 possint.

469 4619 799 4740 Concursare‚
827 4621 975 4741 coire,
1003 4644 1056 4720 et
1080 4622 1344 4724 dissultare
1369 4625 1602 4728 vicissim.

539 4796 609 4906 Et
632 4797 792 4934 magis
812 4814 888 4896 est
911 4796 1108 4896 animus
1132 4797 1252 4898 vitai
1271 4800 1488 4899 claustra
1513 4839 1767 4922 coercens,

468 4973 540 5077 Et
563 4974 903 5075 dominantior
928 4973 1182 5092 advitam,
1211 5010 1364 5111 quam
1389 4974 1463 5074 vis
1488 4977 1690 5081 animai.
1751 5010 1753 5014 ·

466 5144 620 5252 Nam
635 5147 741 5246 sine
766 5140 934 5249 mente
961 5149 1232 5289 animoque
1257 5151 1442 5290 nequit
1465 5151 1684 5258 residere
1704 5193 1798 5295 per
1816 5178 1957 5258 artus
