4620 6106
416 433 517 526 228
756 437 815 522 Τ.
883 430 1314 522 LUCRETII
1378 430 1591 526 CARI

415 692 528 794 Nee
554 693 746 791 ratione
774 691 878 791 ulla
905 692 997 791 sibi
1024 692 1214 792 ferrent
1239 693 1457 825 amplius
1481 694 1673 811 aureis

414 866 565 970 Vocis
590 866 842 966 inauditos
869 870 1061 967 sonitus
1085 865 1370 966 obtundere
1397 865 1600 970 frustra.

482 1040 907 1179 Postre1n0‚quid
935 1045 986 1143 iu
1014 1043 1108 1145 hac
1134 1041 1363 1142 mirabile
1389 1064 1653 1181 tantopere
1679 1065 1755 1144 est
1779 1082 1851 1163 re,
1980 1109 1986 1114 -

414 1214 467 1314 Si
494 1254 656 1353 genus
682 1213 977 1336 humanum,
1005 1220 1087 1318 cui
1112 1257 1211 1318 vox
1237 1240 1288 1341 et
1311 1217 1490 1353 lingua
1513 1218 1724 1356 vigeret,

412 1390 512 1494 Pro
537 1395 675 1494 vario
699 1432 847 1494 sensu
873 1395 1033 1494 varias
1058 1431 1137 1493 res
1163 1431 1282 1493 voee
1309 1413 1521 1513 notaret,

411 1563 583 1688 Quom
609 1567 830 1705 pecudes
857 1590 1028 1684 mutae,
1056 1605 1211 1704 quom
1240 1566 1462 1705 denique
1490 1568 1637 1668 saecla
1661 1567 1881 1669 ferarum

412 1742 713 1843 Dissimileis
738 1745 932 1844 soleant
957 1752 1103 1841 voees
1127 1741 1391 1879 variasque
1418 1743 1564 1863 ciere,

412 1904 581 2038 Quom
594 1914 1454 2052 metusautdolorest,etquomjam
1466 1917 1902 2055 gaudiagliscuntl

306 2136 311 2145 ·
410 2091 619 2232 Quippe
646 2093 833 2193 etenim
859 2091 911 2192 id
939 2092 1059 2191 licet
1082 2130 1110 2190 e
1135 2090 1286 2190 rebus
1313 2130 1614 2228 cognoscere
1639 2095 1840 2230 apertis.

479 2265 693 2368 Inritata
719 2305 901 2368 eanum
929 2303 1083 2417 quom
1109 2265 1332 2400 primum
1358 2302 1542 2398 magna
1572 2264 1850 2369 Molosslun

337 2430 342 2443 ⁸
408 2438 590 2542 Mollia
614 2442 739 2541 ricta
764 2440 989 2541 fremunt
1014 2438 1168 2538 duros
1192 2438 1438 2538 nudantia
1464 2439 1674 2560 (1301313,

408 2614 586 2754 Longe
613 2617 710 2718 alio
738 2616 904 2752 sonitu
930 2612 1070 2714 rabie
1097 2614 1323 2714 districta
1348 2616 1606 2715 minantur
1622 2658 1634 2741 ;

408 2790 477 2892 Et
503 2831 656 2932 quom
677 2792 781 2929 jam
811 2791 1014 2909 latrant,
1040 2811 1092 2889 et
1116 2788 1321 2889 vocibus
1347 2791 1516 2893 omnia
1540 2793 1811 2930 complent.

405 2967 477 3068 At
503 2968 696 3069 catulos
721 2965 908 3066 blande
936 3005 1089 3105 quom
1116 2967 1294 3102 lingua
1316 2963 1541 3067 lambere
1567 2990 1782 3089 tentant,

405 3142 513 3244 Aut
537 3143 625 3242 ubi
650 3182 735 3242 eos
752 3143 950 3279 jactant
975 3134 1209 3277 pedibus,
1238 3178 1510 3277 morsuque
1537 3164 1785 3279 03130133,-

407 3304 676 3456 Suspensis
702 3340 902 3418 teneros
928 3317 1190 3415 imitantur
1216 3312 1455 3416 dentibus
1479 3314 1707 3438 haustus,

406 3491 583 3630 Longe
611 3492 708 3591 alio
733 3514 882 3627 pacto
908 3490 1122 3626 gannitu
1148 3489 1283 3621 voeis
1308 3489 1550 3614 adulant3

405 3663 475 3803 Et
498 3704 661 3805 quom
686 3664 872 3763 deserti
898 3661 1189 3762 baubantur
1213 3665 1265 3762 in
1293 3662 1505 3784 aedibus,
1527 3689 1615 3766 aut
1640 3705 1797 3805 quom

405 3839 667 3940 Plorantes
692 3824 900 3975 fugiunt
924 3836 1170 3937 submisso
1195 3847 1404 3975 corpore
1429 3841 1621 3977 plagas.
1660 3927 1664 3934 .
1811 3864 1814 3871 ’

478 4012 717 4152 Denique
743 4052 844 4114 non
873 4011 1103 4113 hinnitus
1127 4014 1250 4112 item
1277 4011 1479 4115 differre
1506 4009 1721 4136 videtui,
1862 4006 1865 4010 ’

404 4187 546 4290 10131
572 4225 733 4326 equas·
755 4186 846 4289 ubi
871 4227 1034 4326 equus
1061 4188 1258 4289 florenti
1288 4210 1436 4287 aetate
1453 4188 1704 4324 juvencus

404 4363 666 4502 Pinnigeri
693 4365 833 4464 saevit
857 4362 1134 4464 calcaribus
1158 4366 1289 4463 ictus
1313 4363 1544 4487 Amoris3

338 4559 345 4572 ‘
404 4540 473 4642 Et
497 4541 754 4643 fremitum
779 4540 968 4676 patulis
994 4537 1089 4639 sub
1116 4534 1324 4639 naribus.
1347 4537 1454 4639 edit
1477 4538 1542 4638 ad
1568 4562 1735 4643 arma:

325 4692 329 4698 ⁵
400 4717 477 4816 Ao
504 4752 659 4854 quom
686 4715 752 4814 sis
777 4714 898 4814 alias
924 4714 1175 4815 concussis
1202 4711 1412 4832 artubus
1439 4711 1636 4854 11100111

472 4885 749 5004 Postremo,
777 4925 937 5024 genus
964 4858 1196 5005 alituum,
1223 4890 1477 5026 variaeque
1502 4889 1746 5011 volucres,

401 5063 699 5200 Accipitres,
726 5086 882 5201 atque
908 5062 1182 5200 ossifragae,
1208 5063 1474 5203 mergique
1503 5066 1706 5167 marinis
1853 5029 1856 5039 ¹
