4598 6112
653 556 660 567 -
781 434 1562 601 manaremus(
1796 507 1893 639 113

391 762 662 866 Paullatim
690 768 823 869 redit
841 770 894 869 in
920 807 1112 890 sensuS,
1138 767 1461 908 animamque
1481 790 1723 906 receptat.

393 938 521 1040 Haeo
547 941 707 1079 igitur
728 944 882 1044 tantis
908 943 998 1045 ubi
1025 942 1212 1044 morbis
1236 981 1445 1081 corpore
1472 944 1525 1043 in
1551 943 1664 1082 ipso

388 1114 423 1220 J
427 1140 639 1239 actetur,
666 1119 963 1258 miserisque
988 1119 1150 1220 modis
1170 1117 1411 1218 distracta
1433 1115 1647 1231 laboret.

393 1288 501 1426 Cur
525 1292 739 1392 eandem
766 1292 929 1393 eredis
955 1295 1061 1394 sine
1087 1329 1297 1431 eorpore
1317 1293 1371 1392 in
1397 1296 1512 1393 aere
1538 1319 1714 1433 aperto
1882 1368 1891 1383 -

392 1467 526 1571 Ourn
550 1471 729 1572 validis
755 1472 916 1572 ventis
941 1491 1144 1571 aetatem
1170 1466 1354 1606 degere
1378 1471 1558 1604 possel

461 1644 531 1749 Et
556 1650 797 1786 quoniam
822 1667 1043 1749 mentem
1069 1643 1249 1763 sanari,
1277 1681 1461 1782 corpus
1487 1640 1552 1747 ut'
1571 1684 1784 1785 aegrum,

391 1817 677 1941 Cernimus,
704 1845 756 1923 et
779 1823 917 1924 flecti
942 1820 1192 1921 medicina
1214 1855 1364 1955 posse
1389 1820 1651 1943 videmus3
1807 1961 1810 1967 .

391 1992 454 2095 Id
474 1994 941 2135 quoque'praesagit
964 1992 1226 2095 mortalem
1253 1995 1419 2093 vivere
1445 2017 1697 2097 mentem:

387 2169 595 2270 Addere
621 2171 754 2270 enim
781 2169 984 2307 parteis,
1011 2190 1099 2268 aut
1123 2165 1299 2285 ordine
1319 2167 1549 2305 trajicere
1569 2207 1775 2310 aequom
1798 2195 1890 2294 est,

387 2345 497 2446 Aut
521 2344 659 2447 aliud
689 2350 922 2482 prorsum
949 2342 1013 2443 de
1035 2379 1236 2491 pumma
1260 2340 1526 2450 detrahere
1550 2346 1717 2468 illurn,

223 2594 234 2609 .
392 2514 719 2617 Commutare
745 2517 972 2617 animum
999 2518 1295 2655 quicunque
1323 2511 1566 2640 adoritur,
1595 2543 1648 2621 et
1671 2522 1808 2645 infit,

367 2692 496 2792 'Aut
520 2692 670 2793 aliam
698 2691 930 2831 quamvis
957 2697 1191 2792 naturam
1216 2691 1421 2791 flectere
1448 2694 1635 2830 quaerit
1646 2737 1664 2821 3

385 2867 459 2968 At
484 2906 654 3008 neque
679 2865 942 2967 transferri
969 2865 1064 2968 sihi
1089 2868 1294 3005 parteis,
1322 2905 1416 2967 nec
1441 2865 1600 2969 tribui
1624 2869 1747 2989 volt,

388 3039 680 3143 Immortale
702 3041 841 3181 quod
857 3064 933 3143 est
952 3043 1259 3183 quidquam,
1274 3080 1442 3180 neque
1459 3040 1684 3145 defluere
1700 3042 1862 3146 hilum
1881 3083 1894 3146 z

388 3213 527 3320 Nam
553 3216 900 3356 quodeunque
927 3220 1029 3320 suis
1055 3240 1307 3320 mutatum
1333 3216 1522 3318 finibus
1549 3218 1672 3339 exit,
1815 3292 1822 3303 -

389 3388 646 3493 Continuo
671 3389 767 3492 hoc
792 3430 926 3492 mors
951 3415 1029 3494 est
1053 3393 1190 3494 illius
1216 3391 1355 3532 quod
1382 3391 1483 3491 fuit
1507 3416 1641 3494 ante.

388 3563 528 3706 Ergo
548 3564 744 3665 animus
771 3565 873 3665 sive
900 3567 1148 3705 aegrescit,
1175 3567 1408 3689 mortalia
1433 3568 1579 3705 sigua

222 3862 231 3878 Χ
389 3739 557 3842 Mittit
580 3740 683 3879 (uti
710 3739 902 3872 docui),
932 3779 1023 3842 seu
1048 3741 1271 3843 flectitur
1296 3781 1326 3842 a
1344 3742 1624 3843 medicina:

388 3912 568 4054 Usque
593 3913 720 4015 adeo
745 3913 885 4015 falsae
911 3916 1096 4015 rationi
1119 3953 1240 4017 vera
1263 3916 1469 4018 videtur
1645 4035 1646 4038 Ν

387 4087 489 4190 Res
514 4115 793 4227 oequrrere‚
820 4111 872 4188 et
896 4087 1144 4229 effugium
1171 4089 1491 4229 praeoludere
1517 4092 1680 4211 eunti,
1778 4095 1781 4101 ’

385 4264 719 4404 Ancipitique
745 4262 973 4366 refutatu
987 4268 1295 4368 'convincere
1321 4266 1519 4397 falsum.

288 4548 300 4573 ‚
458 4444 701 4583 Denique
726 4481 861 4582 saepe
888 4441 1145 4544 hominem
1169 4426 1433 4580 paullatim
1461 4441 1717 4551 cernimus
1744 4443 1835 4562 ire,

389 4617 459 4719 Et
483 4619 805 4737 membratim
830 4618 1034 4763 vitalem
1060 4618 1341 4757 deperdere
1367 4655 1601 4719 sensum:

263 4901 266 4906 .
387 4791 449 4894 In
474 4792 694 4932 pedibus
716 4795 939 4931 primum
964 4792 1151 4932 digitos
1175 4793 1429 4912 livescere,
1457 4814 1510 4893 et
1536 4793 1772 4929 ungueis,

388 4967 518 5071 lnde
543 4968 715 5108 pedeS,
745 4992 797 5070 et
821 5006 968 5070 crura
993 4967 1154 5090 mori3
1180 4988 1301 5104 post
1324 4965 1445 5067 iude
1471 5003 1567 5104 per
1590 4988 1730 5069 artus

370 5145 470 5248 ·Ire
497 5147 620 5248 alios
650 5147 851 5247 tractim
876 5143 1035 5303 gelidi
1058 5142 1270 5298 vestigia
1294 5140 1448 5288 lethi:
