4598 6112
663 580 697 710 .⁴
768 561 1041 652 LIBER
1105 559 1480 654 SEXTUS·⁴
1751 549 1852 667 267

371 821 641 925 Conlectus
660 821 799 970 ,parti
824 859 888 920 ex
912 857 1014 920 una
1038 818 1342 957 procumbit,
1370 842 1421 919 et
1445 839 1595 957 urget

371 998 609 1100 Obnixus
635 998 830 1134 magnis
854 997 1118 1134 speluncas
1136 993 1327 1095 viribus
1352 995 1493 1113 altas,

370 1171 631 1275 Incumbit
654 1172 820 1293 tellus,
848 1207 952 1309 quo
975 1171 1113 1271 venti
1139 1206 1299 1307 prona
1322 1171 1510 1307 premit
1533 1170 1635 1271 vis:

367 1327 519 1470 Tum,
547 1385 730 1484 supera
753 1370 938 1446 terram
964 1384 1083 1485 quae
1108 1337 1228 1447 sunt
1252 1367 1511 1446 exstructa
1536 1345 1817 1468 domorum,
1975 1334 1977 1339 ¹

368 1524 454 1625 ·Ad
480 1522 766 1661 eoelumque
792 1520 951 1658 magis
978 1542 1169 1658 quanto
1196 1542 1315 1620 sunt
1338 1520 1476 1621 edita
1502 1560 1744 1660 quaeque,

371 1695 621 1798 Inclinata
645 1696 840 1795 minent
864 1696 917 1793 in
944 1692 1154 1794 eandem
1177 1693 1381 1831 prodita
1405 1716 1633 1829 partem,

372 1838 753 2008 Protractaeque
778 1866 946 1989 trabes
970 1867 1269 2005 impendent
1293 1869 1366 1968 ire
1390 1892 1614 2006 paratae:

293 2080 296 2084 ·
374 2045 444 2148 Et
468 2067 705 2147 metuunt
728 2045 902 2182 magni
926 2066 1158 2144 naturam
1184 2046 1387 2149 credere
1412 2046 1592 2149 mundi

374 2219 594 2322 Exitiale
620 2219 828 2360 aliquod
853 2241 1070 2358 tempuS,
1098 2221 1397 2363 clademque
1424 2261 1643 2344 manere,

377 2367 550 2517 Quom
574 2397 781 2497 videant
804 2417 997 2496 tantam
1023 2417 1271 2498 terrarum
1294 2397 1589 2500 incumbere
1614 2401 1823 2503 molem!

377 2567 531 2689 Quod
557 2571 653 2670 nisi
679 2573 929 2708 respirent
952 2571 1107 2690 venti,
1134 2609 1239 2671 non
1262 2574 1368 2674 ulla
1392 2574 1630 2676 refraenet

375 2746 494 2868 Res,
524 2784 691 2884 neque
717 2743 781 2845 ab
807 2747 962 2847 exitio
986 2722 1145 2884 possit
1169 2745 1472 2884 reprendere
1493 2772 1723 2854 euntem:

378 2918 536 3022 Nunc
562 2921 685 3059 quia
709 2922 960 3058 respirant
983 2923 1203 3041 alternis,
1225 2923 1379 3058 inque
1405 2948 1725 3059 gravescunt,

378 3095 447 3197 Et
472 3097 617 3236 quasi
642 3095 854 3197 conlecti
878 3096 1111 3215 redeunt,
1138 3094 1430 3232 ceduntque
1456 3099 1675 3232 repulsi,

379 3268 577 3408 Saepius
602 3266 733 3371 hanc
759 3268 824 3371 ob
852 3309 957 3372 rem
983 3271 1246 3370 minitatur
1270 3293 1405 3369 terra
1429 3271 1621 3391 ruinaS,

379 3443 551 3565 Quam
575 3444 722 3548 fauit:
761 3445 1034 3546 inclinatur
1059 3449 1212 3563 enim,
1236 3422 1474 3582 retruque
1500 3446 1711 3566 recellit,

379 3618 450 3720 Et
473 3621 654 3756 recipit
671 3618 909 3757 prolapsa
932 3658 1045 3719 suas
1071 3621 1201 3719 sein
1228 3619 1451 3754 pondere
1477 3621 1653 3724 sedeis„

380 3792 494 3895 Hae
519 3795 677 3933 igitur
700 3795 893 3894 ratione
917 3793 1155 3893 vacillant
1178 3793 1518 3915 omniatecta‚

381 3969 591 4071 Summa
615 3970 776 4107 magis
800 3967 994 4090 mediis,
1012 3966 1188 4067 ,media
1212 3966 1342 4088 imis,
1367 3968 1469 4069 ima
1492 3971 1765 4107 perhilum.

339 4196 344 4202 ·
452 4144 545 4247 Est
570 4144 679 4246 haee
704 4144 932 4283 ejusdem
958 4179 1168 4284 quoque
1192 4142 1364 4279 magui
1389 4182 1538 4246 causa
1562 4150 1810 4271 tremoris,

381 4322 580 4430 Ventus
598 4320 707 4440 ubi,
722 4342 876 4459 atque
896 4320 1077 4419 animae
1097 4314 1264 4417 subito
1281 4318 1355 4415 vis
1374 4319 1594 4421 maxima
1613 4320 1871 4460 quaedam,
1902 4343 1927 4403 ί

382 4500 492 4600 Aut
516 4497 842 4617 extrinsecus
869 4518 957 4596 aut
981 4496 1091 4633 ipsa
1113 4532 1143 4595 a
1166 4492 1348 4635 tellure
1374 4517 1545 4595 coorta-

383 4672 447 4775 In
471 4675 581 4776 loca
605 4711 656 4774 se
682 4711 801 4776 cava
825 4679 978 4773 terrai
1003 4670 1232 4808 conjecit,
1257 4667 1434 4809 ibique

385 4847 663 4987 Speluncas
687 4849 821 4947 iuter
845 4881 1051 4983 magnas
1075 4842 1246 4963 fremit
1270 4863 1385 4942 ante
1411 4841 1652 4961 tumultu,

381 5021 821 5162 Versabundaque
846 5041 1108 5158 portatur3
1147 5038 1264 5155 post
1285 5016 1440 5117 incita
1465 5054 1626 5156 quom
1650 5015 1729 5120 vis

384 5193 657 5339 Exagitata
680 5197 812 5300 foras
837 5196 1136 5333 erumpitur,
1164 5215 1216 5292 et
1240 5193 1391 5295 simul
1415 5216 1575 5297 artam
1630 5197 1632 5202 ’
1791 5302 1794 5308 ,

1088 5375 1166 5426 ant
1556 5354 1561 5367 ”
