4598 6112
778 516 1052 607 LIBER
1116 511 1543 607 QUARTUS.
1798 502 1895 602 165

398 771 647 875 Auroram
673 777 807 877 clara
832 797 1129 878 consuetum
1153 811 1275 873 voce
1293 811 1488 893 vocare,
1514 837 1520 858 ι

399 945 450 1049 N
457 989 557 1051 enu
584 974 782 1088 queunt
805 951 971 1088 rapidi
998 973 1172 1050 contra
1198 969 1425 1048 constare
1445 946 1614 1046 leones

399 1121 565 1262 Inque
590 1125 717 1224 tueri
738 1164 752 1247 3
781 1127 859 1224 ita
885 1125 1125 1224 continuo
1151 1123 1424 1222 meminere
1449 1122 1621 1259 fugai':
1719 1188 1724 1195 ·

399 1273 676 1419 Nimirum,
702 1301 826 1438 quia
852 1322 971 1399 sunt
996 1299 1245 1436 gallorum
1271 1298 1559 1434 incorpore
1586 1297 1823 1435 quaedam

400 1472 619 1593 Semina,
648 1513 784 1613 quae,
813 1511 969 1612 quom
997 1494 1117 1570 sunt
1141 1471 1300 1571 oculis
1326 1471 1546 1571 immissa
1564 1472 1792 1594 leonum,

399 1646 628 1785 Pupillas
653 1648 1004 1767 interfodiunt,
1031 1684 1301 1784 acremque
1321 1645 1546 1746 dolorem

399 1821 655 1943 Praebent,
682 1847 741 1923 ut
765 1846 1025 1960 nequeant
1048 1844 1222 1921 contra
1249 1821 1432 1921 durare
1458 1820 1676 1923 feroces:

402 1997 535 2095 Cum
561 2019 727 2096 tamen
757 1996 866 2096 baec
893 2019 1086 2095 nostras
1111 1997 1241 2096 acies
1267 1997 1336 2095 nil
1364 1993 1549 2094 laedere
1575 1998 1799 2132 possint3

398 2170 506 2268 Ant
532 2173 777 2308 quia-non
804 2192 1090 2308 penetrant,
1117 2195 1205 2271 aut
1229 2169 1364 2310 quod
1393 2171 1779 2306 penetrantibus
1799 2170 1898 2270 illis

401 2341 586 2445 Exitus
612 2384 674 2445 ex
701 2347 859 2447 oculis
887 2345 1015 2446 liber
1041 2345 1207 2464 datur,
1235 2347 1285 2444 in
1312 2343 1583 2444 remeando

402 2515 612 2649 Laedere
639 2560 702 2619 ne
728 2523 924 2658 possint
948 2561 1013 2620 ex
1037 2521 1142 2621 nlla
1167 2522 1361 2620 lumina
1384 2497 1544 2655 parte.
1683 2616 1686 2621 .

472 2693 525 2796 N
531 2736 875 2836 uncage,quae
892 2721 1126 2799 moveant
1141 2696 1454 2796 animumres
1474 2697 1661 2835 accipe,
1675 2723 1726 2800 et
1741 2701 1896 2821 unde,

403 2854 536 2989 Quae
562 2873 790 2991 veniunt,
815 2875 1022 2972 veniant
1046 2874 1099 2970 in
1125 2892 1364 2988 mentem,
1391 2869 1597 3006 percipe
1614 2876 1814 3009 paucis.

301 3168 310 3185 ·
401 3041 659 3180 Principio
686 3043 780 3144 boc
807 3046 936 3165 dico,
963 3083 1131 3146 rerum
1158 3043 1425 3144 simulacra
1450 3045 1620 3179 vagari
1679 3139 1686 3152 ,

403 3214 571 3316 Multa
599 3219 759 3318 modis
786 3221 959 3319 multis
983 3220 1035 3319 in
1063 3242 1276 3321 cunctas
1294 3217 1523 3355 undique
1549 3222 1736 3354 parteis

398 3390 612 3513 Tenuia,
641 3431 757 3532 quae
783 3393 928 3496 facile
955 3395 1088 3494 inter
1113 3432 1163 3494 se
1181 3393 1485 3528 junguntur
1500 3395 1553 3493 in
1581 3399 1732 3518 auriS,

403 3564 571 3665 Obvia
596 3605 712 3667 cum
738 3569 964 3687 veniunt,
992 3590 1051 3667 ut
1075 3604 1276 3685 aranea,
1300 3565 1606 3705 bracteaque
1632 3573 1757 3670 auri.
1874 3574 1878 3579 ’

403 3738 614 3877 Quippe
640 3741 825 3878 etenim
852 3743 1013 3841 multo
1039 3742 1199 3877 magis
1225 3738 1333 3840 haec
1360 3764 1479 3840 sunt
1503 3745 1676 3842 tenuia
1701 3767 1846 3847 textu

403 3912 574 4034 Quam
602 3952 721 4053 quae
742 3915 1040 4053 percipiunt
1059 3914 1249 4032 oculoS,
1269 3913 1536 4053 visumque
1562 3917 1842 4022 lacessunt:

255 4176 262 4187 .
403 4086 643 4225 Corporis
669 4086 778 4189 haeo
804 4089 1045 4227 quoniam
1071 4110 1343 4225 penetrant
1367 4126 1462 4224 per
1485 4129 1613 4212 rara,
1641 4096 1880 4234 cientque

399 4258 631 4362 Tenuem
655 4263 809 4361 animi
835 4278 1068 4362 naturam
1093 4265 1246 4382 intus,
1274 4299 1578 4399 sensumque
1604 4265 1873 4372 lacessunt.

473 4435 754 4539 Centauros
779 4439 953 4577 itaque
979 4459 1030 4537 et
1057 4435 1340 4575 Scyllarum
1367 4434 1595 4536 membra
1618 4440 1865 4562 videmus,

404 4609 783 4751 Cerbereasque
808 4612 1184 4731 canumfacieS,
1214 4611 1584 4749 simulacraque
1611 4651 1785 4713 eorum
1861 4602 1870 4619 ⁸

403 4782 636 4906 Quorum
662 4813 824 4889 morte
850 4788 988 4889 obita
1013 4788 1166 4888 tellus
1186 4787 1510 4923 amplectitur
1535 4826 1672 4888 ossa:

404 4957 573 5060 Omne
598 5000 761 5098 genus
787 4962 1028 5101 quoniam
1046 4959 1534 5109 passimusimulacra
1557 4960 1814 5088 feruntur,

402 5129 596 5233 Partim
622 5158 802 5273 sponte
828 5175 918 5237 sua
943 5176 1060 5278 quae
1087 5140 1220 5238 liunt
1244 5141 1358 5238 aere
1386 5139 1434 5239 in
1463 5138 1589 5276 ipse,
