4598 6112
499 512 598 614 156
819 526 878 615 T.
946 522 1365 614 LUCRETII
1431 525 1640 618 CARI

498 782 637 884 Nam
661 781 847 920 majore
867 782 968 882 fide
995 779 1148 881 debet
1171 782 1438 919 reperirier
1462 782 1609 906 illud,

500 954 692 1095 Sponte
719 993 808 1055 sua
832 957 960 1056 veris
986 955 1124 1093 quod
1150 958 1307 1094 possit
1332 957 1531 1057 vincere
1557 956 1694 1058 falsa.

498 1128 641 1250 Quid
669 1129 855 1266 majore
881 1128 982 1228 fide
1006 1167 1175 1267 porro,
1204 1168 1354 1268 quarn
1384 1169 1556 1232 sensus
1582 1130 1757 1234 haberi

498 1301 701 1405 Debetl
740 1343 802 1404 an
830 1302 893 1404 ab
919 1341 1066 1403 sensu
1091 1305 1217 1403 falso
1243 1305 1369 1404 ratio
1394 1327 1504 1405 orta
1528 1307 1716 1407 valebit

498 1476 683 1579 Dicere
710 1516 793 1578 eos
819 1501 1007 1598 contra,
1036 1517 1153 1616 quae
1178 1501 1284 1577 tota
1308 1473 1626 1580 absensibus
1652 1504 1763 1581 orta
1788 1485 1896 1582 estl

498 1651 603 1772 Qui
628 1654 724 1754 nisi
750 1655 851 1752 sint
874 1655 993 1772 veri,
1022 1653 1147 1752 ratio
1175 1690 1383 1792 quoque
1409 1652 1534 1753 falsa
1556 1654 1618 1753 fit
1641 1655 1821 1755 omnis.

495 1828 578 1927 An
605 1827 1040 1967 poteruntoculos
1066 1864 1211 1925 aures
1235 1825 1637 1964 reprehendere?
1676 1867 1737 1928 an
1766 1831 1931 1931 aureis

495 1999 713 2102 Tactus?
752 2039 814 2100 an
842 1998 977 2100 hunc
1001 2036 1153 2135 porro
1177 2023 1369 2102 tactum
1396 2039 1544 2138 sapor
1568 2025 1750 2140 arguet
1773 2003 1905 2105 orisl
2026 2014 2029 2019 ’

495 2177 578 2277 An
606 2172 943 2278 confutabunt
966 2210 1128 2294 nares,
1156 2176 1350 2275 oculive
1376 2175 1666 2276 revincentl

497 2339 617 2451 Non
630 2355 715 2487 (ut
730 2349 934 2486 opinor)
946 2348 1016 2447 ita
1030 2371 1127 2470 est3
1148 2386 1264 2447 narn
1281 2320 1745 2488 seorsumquoique
1765 2373 1991 2490 potestas

496 2521 673 2624 Divisa
697 2546 772 2621 est
790 2562 800 2621 ε
841 2559 929 2621 sua
953 2525 1026 2624 vis
1047 2526 1272 2664 quoique
1293 2547 1399 2647 est3
1436 2523 1656 2662 ideoque
1674 2564 1874 2627 necesse
1894 2550 1989 2649 est,

494 2695 649 2816 Quod
667 2699 817 2798 molle
834 2720 921 2796 aut
935 2697 1117 2797 durum
1136 2722 1227 2817 est,
1237 2696 1462 2835 gelidum
1472 2694 1746 2818 fervensve,
1761 2737 1986 2800 seorsum

494 2867 555 2971 ld
581 2872 732 2970 molle
759 2893 847 2970 aut
871 2869 1073 2990 durum,
1100 2871 1327 3005 gelidum
1353 2870 1613 2970 fervensve
1635 2871 1825 2998 videri3

494 3042 562 3144 Et
587 3084 809 3145 seorsum
834 3046 997 3146 varios
1020 3084 1188 3145 rerum
1215 3044 1399 3145 sentire
1425 3043 1634 3165 colores,

493 3216 563 3318 Et
586 3255 909 3357 quaecunque
935 3217 1187 3318 coloribus
1210 3241 1328 3318 sunt
1352 3218 1637 3354 conjuncta,
1664 3257 1865 3320 necesse
1889 3242 1985 3321 est.

494 3390 703 3493 Seorsus
728 3394 849 3492 item
875 3428 1024 3528 sapor
1048 3391 1146 3492 oris
1172 3389 1327 3490 habet
1351 3392 1468 3510 vim,
1497 3428 1691 3491 seorsus
1719 3392 1901 3494 odores

493 3565 805 3687 Nascuntur,
833 3567 1306 3667 seorsum-sonitus:
1344 3565 1562 3705 ideoque
1589 3603 1789 3666 necesse
1815 3588 1911 3688 est,

493 3739 614 3843 Non
641 3742 835 3880 possint
859 3740 981 3840 alios
1007 3741 1088 3839 alii
1117 3741 1412 3840 convincere
1432 3776 1620 3839 sensus.

494 3911 608 4017 Nec
632 3954 785 4054 porro
808 3937 1050 4054 poterunt
1073 3916 1169 4053 ipsi
1195 3914 1497 4053 reprendere
1522 3951 1659 4036 sese;

491 4088 666 4229 AEqua
690 4091 817 4195 fides
844 4089 1084 4229 quoniam
1111 4088 1318 4188 debebit
1343 4126 1541 4226 semper
1564 4085 1756 4189 haberi.

494 4259 733 4382 Proinde,
772 4264 912 4403 quod
950 4267 1003 4366 in
1048 4303 1256 4406 quoqne
1295 4284 1372 4363 est
1413 4260 1491 4362 his
1532 4264 1694 4365 visum
1736 4285 1985 4402 tempore,

629 4477 804 4541 verum
830 4463 923 4542 est.

569 4611 646 4750 Et,
674 4614 714 4714 si
741 4653 841 4736 non
866 4615 1057 4750 poterit
1080 4613 1206 4714 ratio
1233 4613 1502 4713 dissolvere
1528 4649 1748 4733 causam,

494 4786 600 4890 Cur
624 4829 698 4911 ea,
727 4826 843 4927 quae
868 4787 1059 4888 fuerint
1076 4786 1267 4925 juxtim
1295 4786 1559 4927 quadrata,
1585 4785 1762 4923 procul
1788 4784 1892 4886 sint

490 4961 613 5064 Visa
635 4962 854 5063 rotunda
868 5003 880 5085 ;
918 4985 1088 5063 tamen
1113 4975 1320 5098 praestat
1343 4961 1551 5063 rationis
1578 4948 1824 5096 egentem'

489 5132 723 5237 Reddere
748 5136 987 5253 mendose
1014 5172 1186 5238 causas
1213 5135 1477 5275 utriusque
1503 5133 1704 5274 figurae,
