4598 6112
640 650 643 655 .
750 536 1085 627 anana
1152 534 1561 630 ouranos.
1834 541 1930 642 193

437 798 592 902 Haud
622 802 777 939 igitur
801 821 1033 901 constant
1057 799 1228 899 divino
1255 801 1469 936 praedita
1494 840 1658 924 sensu,

436 975 872 1116 Quandoquidem
898 998 1163 1114 nequeunt
1187 974 1406 1075 vitaliter
1431 1013 1538 1075 esse
1565 978 1797 1081 animata.
1825 1038 1830 1051 ·

505 1149 642 1251 lllud
669 1154 791 1253 item
818 1188 916 1250 non
945 1171 1022 1249 est
1047 1171 1105 1250 ut
1128 1149 1288 1286 possis
1314 1141 1535 1272 credere,
1563 1141 1736 1255 sedes.

437 1325 560 1427 Esse
587 1328 741 1429 dedra
768 1347 963 1427 sanctas
988 1325 1039 1424 in
1069 1322 1245 1423 mundi
1273 1322 1506 1460 partibus
1532 1328 1678 1430 ullis:

432 1496 624 1602 Tenuis
650 1502 784 1601 enirn
810 1522 994 1601 natura
1018 1497 1188 1614 detlm,
1215 1496 1471 1632 longeque
1497 1523 1693 1602 remota

434 1672 677 1776 Sensibus
703 1714 731 1776 a
757 1677 956 1794 nostris,
985 1672 1138 1775 animi
1165 1672 1248 1771 vix
1276 1693 1444 1773 mente
1469 1675 1687 1779 videtur.

436 1848 568 1991 Quae
595 1850 836 1988 quoniam
865 1886 1111 1950 manuum
1127 1869 1326 1948 tactum
1352 1845 1585 2001 subfugit
1609 1873 1661 1950 et
1684 1853 1860 1973 ictum,

433 2019 626 2124 Tactile
653 2024 725 2124 nil
755 2022 899 2124 nobis
926 2025 1064 2165 quod
1095 2026 1174 2144 sit,
1202 2024 1496 2161 contingere
1522 2022 1703 2149 debet3
1861 2030 1877 2049 ⁴

433 2192 668 2334 Tangere
696 2198 833 2315 enim
860 2236 963 2299 non
988 2199 1118 2337 quit,
1147 2198 1284 2337 quod
1312 2199 1455 2335 tangi
1482 2237 1582 2298 non
1610 2200 1728 2303 licet
1746 2202 1930 2340 ipsum.

437 2371 610 2494 Quare
637 2360 788 2473 etiam
807 2373 964 2487 sedes
983 2410 1191 2513 quoque
1219 2373 1401 2473 nostris
1429 2372 1636 2523 sedilaus
1662 2413 1767 2477 esse

396 2596 403 2613 ·
437 2545 720 2649 Dissimiles
745 2546 952 2675 debent,
978 2572 1159 2650 tenues
1184 2548 1249 2648 de
1275 2584 1484 2684 corpore
1511 2585 1718 2690 eorum..

289 2752 296 2759 '
437 2723 569 2846 Quae
595 2725 691 2827 tibi
716 2726 966 2862 posterius
990 2724 1133 2862 largo
1160 2758 1388 2823 sermone
1414 2720 1660 2859 probabo.

469 3018 471 3022 μ
507 2898 692 3001 Dicere
714 2912 883 3036 porro,
912 2896 1174 2999 hominum
1199 2935 1350 2998 causa
1372 2896 1586 3047 voluisse
1612 2934 1792 3036 parare

437 3068 739 3173 Praeclaram
767 3071 944 3225 [quadi
971 3091 1220 3189 naturam,
1240 3092 1617 3212 proptereaque

437 3243 497 3345 Id
526 3242 781 3345 laudabile
807 3259 937 3382 opus
963 3245 1130 3345 divom
1156 3244 1364 3346 laudare
1383 3244 1580 3368 decere,

434 3418 812 3557 AEternumque
838 3439 1035 3555 putare,
1063 3439 1219 3558 atque
1241 3420 1528 3521 immortale
1553 3418 1801 3546 futurum,

437 3589 485 3693 N
494 3632 550 3693 ec
577 3592 651 3691 fas
678 3629 800 3711 esse,
830 3590 980 3691 delrm
1008 3592 1149 3731 quod
1177 3595 1242 3692 sit
1265 3594 1460 3695 ratione
1484 3617 1683 3698 vetusta

438 3756 694 3868 Gentibus
718 3766 953 3869 humanis
978 3764 1537 3906 fundaturnperpetuo.
1553 3765 1677 3891 aevoj

438 3941 720 4043 Sollicitare
747 3944 849 4043 suis
875 3942 980 4044 ulla
1006 3941 1054 4040 vi
1080 3980 1145 4043 ex
1170 3939 1378 4043 sedibus
1405 3980 1649 4083 unquam,

438 4114 552 4267 Nec
577 4117 742 4218 verbis
766 4157 964 4240 vexare,
992 4142 1045 4221 et
1068 4118 1133 4221 ab
1159 4123 1261 4222 imo
1286 4143 1511 4243 evertere
1538 4157 1815 4247 summam;

439 4292 638 4394 Caetera
664 4293 728 4395 de
753 4331 940 4430 genere
967 4292 1063 4396 hoo
1088 4296 1367 4433 adfingere,
1389 4316 1440 4393 et
1465 4293 1667 4416 addere,
1697 4293 1928 4421 Memmi,

438 4465 686 4606 Desipere
712 4491 816 4569 est:
859 4473 984 4608 quid
1011 4475 1148 4574 enim
1172 4470 1541 4575 immortalibus
1559 4493 1715 4612 atque
1735 4472 1895 4575 beatis

439 4637 618 4744 Gratia
642 4665 813 4743 nostra
838 4670 995 4781 queat
1018 4646 1250 4787 largirier
1275 4649 1621 4768 emolumenti,

436 4814 513 4920 Ut
537 4839 709 4922 nostra
735 4818 1020 4958 quidquam
1045 4860 1195 4923 causa
1218 4861 1397 4961 gerere
1423 4822 1822 4962 adgrediuntur?

439 4991 642 5116 Quidve
667 4995 784 5098 novi
807 4999 979 5135 potuit
1002 5021 1144 5100 tanto
1171 5006 1287 5138 post
1311 5021 1428 5099 anto
1454 5000 1655 5138 quietos

438 5167 672 5292 Inlicere,
698 5192 759 5272 ut
783 5194 1031 5310 cuperent
1052 5174 1207 5275 vitam
1233 5195 1430 5276 mutare
1448 5176 1708 5317 priorem?

1168 5355 1184 5403 2
1197 5360 1220 5405 α
