4598 6112
505 517 608 612 ne
844 521 930 608 u·
973 491 1394 611 uncunrtr
1460 521 1716 613 cun-1·

507 776 671 879 Crura
695 779 983 878 vacillantil
1021 780 1261 880 tardescit
1285 779 1492 916 lingua?
1531 782 1702 881 madet
1727 789 1901 914 mensl

506 950 653 1052 Nant
677 951 841 1051 oculi?
881 951 1085 1071 clamor,
1113 953 1381 1088 singultus,
1401 952 1575 1089 jurgia
1599 957 1858 1092 gliscunt?

503 1127 572 1228 Et
589 1129 696 1264 jam
723 1148 906 1228 caetera
931 1125 994 1224 (le
1020 1165 1206 1264 genere
1227 1126 1320 1225 hoc
1341 1164 1665 1266 quaecunque
1683 1150 1997 1268 sequnntur,

474 1303 848 1403 'Curvascuntl
877 1302 972 1399 nisi
998 1299 1137 1438 quod
1163 1297 1432 1399 vehemens
1458 1303 1695 1404 violentia
1719 1307 1822 1405 vini

505 1477 823 1579 Conturbare
848 1478 1067 1575 animam
1092 1475 1351 1574 consuevit
1375 1502 1584 1610 corpore
1611 1480 1664 1578 in
1689 1481 1833 1617 ipsol
1901 1520 1928 1597 J

499 1653 572 1751 At
596 1688 921 1789 quaecunque
942 1672 1141 1787 queunt
1166 1645 1473 1767 conturbari,
1501 1652 1659 1789 inque
1683 1654 1865 1791 pediri,

501 1826 829 1964 Significant,
845 1825 1045 1960 (paullo
1072 1824 1111 1922 si
1132 1822 1306 1922 durior
1329 1824 1597 1924 insinuarit

501 2000 691 2133 Causa)
720 1999 826 2099 fore
851 2021 911 2140 ut
935 2020 1160 2134 pereant,
1188 2036 1294 2097 aevo
1320 2000 1518 2135 privata
1542 2001 1729 2103 futuru.

542 2146 881 2315 Quinetiam,
901 2171 1075 2272 subita
1097 2174 1146 2273 vi
1173 2170 1335 2272 morbi
1362 2209 1497 2309 saepe
1524 2199 1725 2278 coactus

494 2352 631 2451 Ante
653 2351 827 2450 oculos
853 2348 1036 2487 aliquis
1062 2368 1274 2463 nostroe,
1302 2367 1361 2445 ut
1386 2343 1611 2450 fulminis
1637 2353 1758 2470 ictu,

497 2525 749 2643 Concidit,
778 2545 830 2621 et
855 2559 1058 2660 spumas
1079 2522 1199 2658 agit,
1221 2521 1450 2658 ingemit,
1477 2546 1529 2622 et
1553 2528 1727 2625 tremit
1750 2549 1905 2646 artua,

495 2700 716 2838 Desipit,
744 2721 973 2800 extentat
996 2738 1190 2812 nervos
1217 2721 1505 2837 torquetur,
1533 2697 1754 2820 anhelat,

494 2873 845 2975 Inconstanter
870 2896 922 2973 ct
947 2875 999 2973 in
1017 2872 1261 3010 jactando
1288 2871 1519 2972 membra
1540 2872 1752 3011 fatigat:

494 3047 770 3167 Nimirum,
800 3049 922 3185 quia
945 3049 1019 3148 vis
1044 3045 1209 3147 morbi
1235 3046 1471 3148 distracta
1497 3085 1591 3184 per
1616 3072 1755 3149 artus

490 3221 690 3323 'Ilurbat
715 3260 870 3360 agens
896 3225 1138 3340 animum,
1166 3258 1405 3357 spumans
1430 3225 1562 3321 utin
1591 3263 1798 3364 aequore
1824 3228 1951 3329 salso

490 3396 773 3497 Ventorum
801 3397 978 3498 validis
1004 3396 1235 3496 fervescit
1257 3396 1448 3497 viribus
1471 3395 1621 3496 unda.

490 3572 812 3710 Exprimitur
836 3611 988 3710 porro
1015 3572 1252 3709 gemitus
1280 3568 1401 3711 quia
1427 3570 1658 3673 membra
1683 3572 1881 3677 dolore.

487 3750 817 3849 Adficiuntur
833 3788 845 3869 3
874 3769 925 3845 et
950 3749 1155 3847 omnino
1182 3747 1323 3884 quod
1351 3747 1542 3846 semina
1564 3749 1702 3848 vocis

486 3923 792 4042 Eliciuntur,
819 3944 869 4020 et
895 3960 981 4020 ore
1008 3920 1138 4020 foras
1165 3920 1443 4058 glomerata
1467 3918 1718 4042 feruntur,

487 4095 606 4218 Qua
632 4098 775 4235 quasi
802 4109 1125 4241 consuerunt,
1153 4116 1204 4194 et
1229 4118 1347 4195 sunt
1371 4097 1569 4194 munita
1593 4097 1708 4198 viai.

484 4273 806 4411 Desipientia
830 4273 903 4389 fit,
931 4272 1053 4406 quia
1078 4270 1151 4370 vis
1176 4270 1327 4369 animi
1350 4283 1514 4409 'atque
1539 4272 1726 4373 animai

484 4445 848 4562 Conturbatur,
876 4467 928 4543 et
952 4448 1039 4577 (ut
1064 4443 1239 4574 docui)
1268 4441 1426 4541 divisa
1451 4479 1673 4543 seorsum
1749 4542 1751 4547 Α

479 4623 808 4759 Disjeotatur,
837 4618 1015 4718 eodem
1041 4615 1128 4714 illo
1154 4613 1393 4713 distracta
1416 4653 1624 4718 veneno.

404 4780 408 4788 ¹
477 4795 606 4898 lude
631 4795 720 4896 ubi
738 4795 845 4932 jam
873 4791 1035 4894 morbi
1063 4830 1114 4891 se
1139 4790 1286 4889 flexit
1311 4826 1476 4909 causa,
1503 4791 1739 4931 reditque

476 4968 537 5070 ln
563 4967 780 5068 latebras
806 4990 914 5067 ater
938 4966 1173 5104 corrupti,
1189 4967 1413 5104 corporis
1439 4963 1637 5088 humor,

470 5143 605 5248 Tum
631 5145 775 5283 quasi
801 5144 1066 5246 vaccillans
1089 5143 1318 5283 primum
1345 5142 1623 5280 consurgit,
1649 5143 1919 5251 etomneis
2010 5178 2015 5185 ·
