4598 6112
791 509 1067 603 menn
1129 508 1480 605 suxrus.
1542 515 1546 525 ·
1775 478 1891 615 257

398 767 539 869 Dum
565 767 718 889 venit,
747 768 980 872 amittens
1005 770 1057 871 in
1083 792 1468 911 cursucorpora
1494 770 1732 910 quaedam

399 944 648 1065 Grandia,
665 986 784 1085 quae
804 968 1069 1091 nequeupt
1092 948 1282 1087 pariter
1306 969 1573 1083 penetrare
1599 984 1693 1086 per
1717 981 1888 1070 auras;

395 1118 570 1258 Atque
597 1120 694 1220 alia
718 1158 782 1219 ex
807 1119 917 1256 ipso
943 1118 1220 1221 conradens
1247 1123 1360 1222 aere
1387 1143 1557 1260 portat

398 1291 626 1416 Parvola,
654 1335 772 1435 quae
797 1295 991 1397 faciunt
1015 1295 1186 1432 ignem
1212 1297 1742 1433 commista'volando:
1874 1311 1884 1319 ’

400 1467 524 1572 Non
549 1472 646 1571 alia
671 1471 823 1608 longe
849 1468 1059 1587 ratione,
1087 1505 1144 1568 ac
1169 1466 1419 1606 plumbea¹
1437 1509 1571 1609 saepe

399 1641 613 1746 Fervida
637 1645 697 1745 fit
720 1644 866 1783 glans
892 1644 944 1743 in
972 1680 1140 1761 cursu,
1169 1680 1323 1780 quom
1349 1646 1718 1786 multarigoris

400 1815 630 1957 Corpora
655 1818 913 1923 dimittens
939 1818 1111 1957 ignem
1138 1820 1370 1956 concepit
1395 1820 1447 1921 in
1473 1821 1648 1929 auris..

469 1991 552 2098 Fit
578 2030 801 2133 quoque,
828 2015 888 2094 nt
914 1993 1073 2131 ipsius
1095 1991 1262 2130 plagae
1288 1992 1360 2094 vis
1387 1997 1575 2098 excitet
1598 1999 1784 2135 ignem,

400 2164 608 2307 Frigida
632 2206 790 2309 quom
814 2167 953 2270 venti
978 2166 1181 2304 pepulit
1202 2167 1276 2268 vis
1303 2170 1453 2288 missa
1478 2172 1586 2271 sine
1611 2171 1751 2310 igni:

401 2339 659 2445 Nimirum
682 2345 806 2483 quia
831 2381 988 2483 quom
1006 2339 1292 2468 vehementi
1318 2335 1538 2480 perculit
1561 2325 1695 2467 ictu,-

403 2513 766 2631 Con-fluereex
792 2518 1140 2656 ipsopossunt
1163 2517 1653 2656 elementavaporis,

402 2688 473 2793 Et
497 2692 645 2793 simul
672 2731 737 2815 ex
762 2693 865 2815 illa,
891 2730 1010 2833 quae
1035 2715 1146 2794 tum
1171 2729 1252 2808 res
1277 2692 1467 2830 excipit
1491 2693 1679 2815 ictum;

402 2863 479 2968 Ut
502 2867 722 3006 lapidem
750 2867 884 2985 ferro
911 2905 1067 3008 quom
1093 2866 1350 2988 caedimus,
1377 2865 1542 2967 evolat
1568 2866 1730 3004 ignis:

404 3038 520 3165 Nec
546 3043 686 3181 quod
712 3041 901 3181 frigida
924 3040 998 3143 vis
1024 3041 1089 3141 sit
1112 3038 1249 3162 ferri,
1276 3037 1371 3142 hoo
1397 3042 1558 3142 secius
1583 3041 1673 3141 illa
1740 3153 1742 3157 v

319 3264 322 3267 ·
404 3202 610 3316 Semina
635 3237 944 3331 concurrunt
968 3212 1118 3314 calidi
1143 3213 1357 3353 fulgoris
1381 3215 1445 3316 ad
1472 3215 1661 3318 ictum:

405 3389 489 3492 Sic
513 3391 673 3529 igitur
697 3428 905 3530 quoque
931 3427 1010 3489 res
1036 3388 1242 3489 accendi
1259 3388 1483 3491 fulmine
1508 3388 1679 3512 debet,

407 3563 716 3702 Opportuna
740 3563 838 3664 fuit
863 3565 903 3665 si
929 3561 1075 3685 forte,
1103 3584 1156 3662 et
1179 3561 1361 3682 idonea
1386 3563 1618 3667 flammis,

407 3733 520 3839 Nec
546 3757 734 3861 temere
760 3737 965 3837 omnino
991 3736 1143 3872 plane
1168 3737 1241 3856 vis
1266 3734 1453 3877 frigida
1476 3737 1614 3840 venti

408 3909 532 4012 Esse
556 3933 739 4048 potest,
767 3950 829 4010 ex
857 3950 961 4050 quo
986 3931 1128 4010 tanta
1151 3908 1200 4008 vi
1226 3908 1446 4011 immissa
1470 3948 1689 4048 superne
1716 3931 1819 4010 est:

408 4085 547 4209 Quin
575 4088 714 4224 prius
741 4088 971 4209 incursu
998 4087 1167 4205 sinon
1194 4083 1488 4186 accenditur
1513 4085 1636 4222 igni,

405 4264 478 4365 At
501 4261 751 4400 tepefacta
775 4283 942 4362 tamen
964 4261 1133 4361 veniat
1156 4260 1416 4361 commista
1440 4260 1620 4377 calore.

483 4435 743 4559 Mobilitas
768 4458 937 4555 antem
966 4436 1022 4537 fit
1046 4433 1288 4556 fulminiS‚
1316 4458 1369 4536 et
1390 4435 1556 4573 gravis
1582 4437 1726 4557 ictuS,

411 4608 482 4713 Et
506 4610 656 4712 celeri
680 4609 838 4714 ferme
862 4632 1088 4750 pergunt
1111 4613 1181 4713 sic
1206 4609 1422 4732 fulmina
1444 4612 1608 4750 lapsu,
1735 4681 1750 4724 =.

413 4784 660 4916 Nubibus
687 4786 797 4922 ipsa
822 4786 962 4923 quod
987 4788 1193 4907 omnino
1218 4788 1360 4924 prius
1385 4788 1539 4887 incita
1562 4825 1614 4888 se
1637 4785 1716 4886 vis·

415 4960 657 5099 Conligit,
685 4982 737 5060 et
761 4997 1005 5098 magnum
1025 4999 1268 5087 conamen
1294 4961 1448 5062 sumit
1472 4961 1658 5067 eundi:

415 5133 561 5256 lnde,
587 5133 678 5240 ubi
703 5173 806 5240 uon
829 5137 1001 5276 potuit
1023 5134 1185 5244 nubes
1210 5172 1390 5279 capere
1416 5136 1620 5278 impetis
1643 5158 1871 5262 auctum,

1105 5317 1163 5366 η
1476 5331 1477 5334 ¹
