4598 6112
491 490 592 600 ‘aaa
832 448 893 598 r.
945 507 1373 601 Lucanum
1422 507 1633 601 canl

497 766 707 905 Quippe
733 766 903 867 videre
930 767 1048 866 licet
1073 766 1404 904 pinguescere
1430 805 1564 905 saepe
1590 771 1755 875 cicuta

494 941 801 1080 Barbigeras
824 940 1061 1078 pecudes,
1090 939 1281 1041 homini
1309 980 1427 1082 quae
1453 965 1529 1042 est
1553 984 1666 1048 acre
1691 987 1961 1054 venenum.

566 1117 791 1216 Flamma
811 1117 1019 1256 quidem
1039 1153 1158 1215 vero
1184 1152 1341 1253 quom
1367 1108 1580 1254 corpora
1603 1120 1743 1223 fulva
1767 1123 1972 1224 leonum

493 1288 621 1392 Tam
649 1291 806 1390 soleat
830 1311 1037 1407 torrere,
1063 1309 1219 1424 atque
1248 1326 1407 1407 urere,
1437 1328 1589 1427 quam
1615 1332 1777 1433 genus
1802 1335 1953 1397 omne

495 1464 731 1584 Visceris,
758 1465 981 1601 interris
1007 1465 1354 1602 quodcunque
1380 1487 1432 1563 et
1457 1468 1717 1604 sanguinis
1743 1492 1937 1570 exstet:

496 1639 604 1760 Qut
628 1640 737 1739 fieri
764 1639 947 1775 potuit,
969 1639 1155 1776 triplici
1182 1677 1296 1739 cum
1324 1676 1533 1775 corpore
1560 1662 1620 1742 ut
1644 1680 1747 1742 nna

498 1811 669 1911 Prima
693 1811 788 1929 leo,
815 1833 1067 1947 postrema
1093 1813 1259 1930 draco,
1288 1813 1455 1913 media
1479 1814 1589 1950 ipsa
1617 1812 1872 1915 Chimaera

499 1990 605 2092 Ore
631 1991 763 2090 foras
788 2027 954 2089 acrem
979 1988 1173 2088 efflaret
1198 1987 1261 2088 de
1288 2026 1497 2124 corpore
1523 1989 1813 2089 flammam?

569 2162 743 2283 Quare
769 2164 920 2263 etiam
946 2160 1128 2261 tellure
1152 2198 1297 2280 nova,
1324 2161 1552 2300 coeloque
1578 2166 1769 2266 recenti

495 2336 641 2438 Talia
666 2338 756 2476 qui
781 2336 933 2469 fingit
955 2334 1181 2470 potuisse
1208 2336 1443 2437 animalia
1468 2336 1629 2473 gigni,

352 2636 355 2643 Ι
500 2510 672 2612 Nixus
697 2511 748 2609 in
777 2507 871 2608 hoc
897 2543 1001 2607 uno
1025 2507 1262 2608 novitatis
1289 2510 1491 2611 nomine
1520 2509 1686 2635 inani;

499 2686 672 2788 Multa
695 2687 815 2786 licet
838 2684 985 2783 simili
1011 2683 1203 2782 ratione
1229 2681 1429 2783 effutiat
1452 2721 1568 2785 ore:
1610 2818 1616 2832 .
1745 2648 1752 2665 ι

498 2860 670 2963 Aurea
694 2884 804 2961 tum
829 2858 965 2959 dicat
989 2895 1082 2995 per
1106 2880 1264 2958 terras
1289 2857 1504 2957 flumina
1526 2857 1676 2996 volgo

500 3036 745 3155 Fluxisse,
773 3056 825 3132 et
848 3031 1060 3170 gemmis
1086 3033 1266 3133 florere
1292 3028 1500 3133 arbusta
1525 3033 1718 3131 suessa:
1824 3084 1828 3089 ¹

497 3211 606 3310 Aut
632 3207 885 3307 hominem
911 3225 1053 3303 tanto
1079 3203 1418 3306 membrorum
1447 3241 1553 3303 esse
1580 3205 1769 3343 impete
1795 3230 1988 3330 natum,

498 3381 661 3483 Trans
685 3379 842 3480 maria
866 3378 966 3478 alta
990 3375 1182 3514 pedum
1208 3376 1346 3478 nisus
1372 3367 1432 3478 ut
1455 3414 1645 3513 ponere
1672 3404 1854 3516 posset,

503 3555 571 3657 Et
595 3554 826 3655 manibus
850 3574 1014 3653 totum
1041 3553 1230 3653 circum
1256 3591 1307 3653 se
1325 3575 1519 3655 vertere
1546 3555 1743 3657 coelum.

504 3726 643 3829 Nam
670 3725 808 3866 quod
834 3724 996 3824 multa
1019 3721 1161 3823 fuere
1186 3725 1240 3824 in
1264 3726 1411 3827 terris
1430 3729 1621 3829 semina
1645 3768 1831 3852 rerum,

499 3900 752 4038 Tempore
780 3937 883 4038 quo
906 3899 1129 4035 primurn
1148 3897 1297 4042 tellus
1323 3902 1558 4003 animalia
1581 3901 1744 4028 fudit3

446 4064 450 4074 ’
504 4044 598 4180 Nil
623 4099 792 4175 tamen
817 4096 899 4185 est⁸
918 4072 1065 4210 signi,
1092 4071 1263 4172 mistas
1287 4075 1510 4210 potuisse
1536 4080 1694 4177 creari

504 4250 646 4353 lnter
671 4288 723 4349 se
747 4247 984 4386 pecudes,
1011 4271 1374 4388 compactaque
1400 4247 1627 4350 membra
1652 4253 1989 4391 animantum:

504 4427 780 4563 Propterea
805 4424 928 4562 quia
951 4460 1069 4558 quae
1094 4421 1158 4521 de
1182 4423 1328 4521 terris
1347 4460 1481 4523 nunc
1502 4424 1709 4561 quoque
1728 4426 1993 4529 abundant

244 4592 251 4608 ’
353 4606 359 4617 ’
506 4598 797 4704 Herbarum
823 4633 1026 4732 genera,
1051 4634 1110 4696 ao
1133 4594 1322 4735 fruges,
1349 4594 1658 4735 arbustaque
1682 4598 1816 4721 laeta,

507 4777 631 4880 Non
655 4799 823 4876 tamen
850 4774 984 4875 inter
1009 4811 1061 4873 se
1085 4770 1279 4909 possint
1302 4772 1566 4909 complexa
1589 4772 1763 4877 creari.

507 4952 609 5052 Res
634 4952 702 5053 sic
729 4988 952 5091 quaeque
978 4987 1068 5050 suo
1093 4949 1195 5049 ritu
1206 4947 1450 5091 'procedit
1464 4987 1478 5071 ;
1515 4969 1566 5048 et
1590 4985 1764 5050 omnes

508 5128 716 5231 Foedere
742 5150 936 5230 naturae
963 5147 1099 5227 certo
1126 5123 1413 5227 discrimina
1438 5145 1652 5224 servant.
