<?xml version="1.0" encoding="UTF-8"?>
<!DOCTYPE html PUBLIC "-//W3C//DTD XHTML 1.0 Transitional//EN"
    "http://www.w3.org/TR/xhtml1/DTD/xhtml1-transitional.dtd">
<html xmlns="http://www.w3.org/1999/xhtml" xml:lang="en" lang="en">
 <head>
  <title>
</title>
<meta http-equiv="Content-Type" content="text/html;charset=utf-8" />
  <meta name='ocr-system' content='tesseract 3.04.00' />
  <meta name='ocr-capabilities' content='ocr_page ocr_carea ocr_par ocr_line ocrx_word'/>
</head>
<body>
  <div class='ocr_page' id='page_1' title='image "./titilucretiicar05carugoog_0116.png"; bbox 0 0 4598 6112; ppageno 0'>
   <div class='ocr_carea' id='block_1_1' title="bbox 798 521 1929 638">
    <p class='ocr_par' dir='ltr' id='par_1_1' title="bbox 798 521 1929 638">
     <span class='ocr_line' id='line_1_1' title="bbox 798 521 1929 638; baseline 0 -16"><span class='ocrx_word' id='word_1_1' title='bbox 798 531 1070 622; x_wconf 85' lang='lat' dir='ltr'>LIBER</span> <span class='ocrx_word' id='word_1_2' title='bbox 1132 521 1533 624; x_wconf 81' lang='lat' dir='ltr'><strong>TERTIUS·</strong></span> <span class='ocrx_word' id='word_1_3' title='bbox 1833 529 1929 638; x_wconf 78' lang='lat'><strong>107</strong></span> 
     </span>
    </p>
   </div>
   <div class='ocr_carea' id='block_1_2' title="bbox 425 782 1886 2157">
    <p class='ocr_par' dir='ltr' id='par_1_2' title="bbox 425 782 1927 2157">
     <span class='ocr_line' id='line_1_2' title="bbox 436 782 1779 931; baseline 0.001 -39"><span class='ocrx_word' id='word_1_4' title='bbox 436 791 721 895; x_wconf 82' lang='lat' dir='ltr'><strong>Discidium</strong></span> <span class='ocrx_word' id='word_1_5' title='bbox 747 817 807 896; x_wconf 91' lang='lat' dir='ltr'><strong>ut</strong></span> <span class='ocrx_word' id='word_1_6' title='bbox 832 782 1055 930; x_wconf 82' lang='lat' dir='ltr'>nequeat</span> <span class='ocrx_word' id='word_1_7' title='bbox 1078 791 1187 893; x_wconf 88' lang='lat' dir='ltr'><strong>fieri</strong></span> <span class='ocrx_word' id='word_1_8' title='bbox 1215 794 1321 893; x_wconf 92' lang='lat' dir='ltr'><strong>sine</strong></span> <span class='ocrx_word' id='word_1_9' title='bbox 1347 817 1489 930; x_wconf 89' lang='lat' dir='ltr'><strong>peste</strong></span> <span class='ocrx_word' id='word_1_10' title='bbox 1514 794 1779 931; x_wconf 83' lang='lat' dir='ltr'><strong>maloque:</strong></span> 
     </span>
     <span class='ocr_line' id='line_1_3' title="bbox 432 964 1769 1108; baseline 0 -40"><span class='ocrx_word' id='word_1_11' title='bbox 432 964 508 1068; x_wconf 90' lang='lat' dir='ltr'><strong>Ut</strong></span> <span class='ocrx_word' id='word_1_12' title='bbox 533 968 717 1091; x_wconf 85' lang='lat' dir='ltr'><strong>videas,</strong></span> <span class='ocrx_word' id='word_1_13' title='bbox 744 972 987 1108; x_wconf 87' lang='lat' dir='ltr'><strong>quoniam</strong></span> <span class='ocrx_word' id='word_1_14' title='bbox 1014 968 1283 1105; x_wconf 82' lang='lat' dir='ltr'><strong>conjuncta</strong></span> <span class='ocrx_word' id='word_1_15' title='bbox 1305 992 1381 1069; x_wconf 89' lang='lat' dir='ltr'><strong>est</strong></span> <span class='ocrx_word' id='word_1_16' title='bbox 1406 1008 1556 1070; x_wconf 84' lang='lat' dir='ltr'><strong>causa</strong></span> <span class='ocrx_word' id='word_1_17' title='bbox 1580 969 1769 1088; x_wconf 80' lang='lat' dir='ltr'><strong>salutis,</strong></span> 
     </span>
     <span class='ocr_line' id='line_1_4' title="bbox 434 1139 1783 1284; baseline 0 -43"><span class='ocrx_word' id='word_1_18' title='bbox 434 1139 772 1280; x_wconf 83' lang='lat' dir='ltr'><strong>Conjunctam</strong></span> <span class='ocrx_word' id='word_1_19' title='bbox 801 1183 1009 1284; x_wconf 90' lang='lat' dir='ltr'><strong>quoque</strong></span> <span class='ocrx_word' id='word_1_20' title='bbox 1036 1165 1268 1243; x_wconf 86' lang='lat' dir='ltr'><strong>naturam</strong></span> <span class='ocrx_word' id='word_1_21' title='bbox 1295 1145 1565 1244; x_wconf 84' lang='lat' dir='ltr'><strong>consistere</strong></span> <span class='ocrx_word' id='word_1_22' title='bbox 1591 1181 1783 1245; x_wconf 89' lang='lat' dir='ltr'><strong>eorum.</strong></span> 
     </span>
     <span class='ocr_line' id='line_1_5' title="bbox 502 1315 1814 1458; baseline -0.001 -40"><span class='ocrx_word' id='word_1_23' title='bbox 502 1315 656 1437; x_wconf 82' lang='lat' dir='ltr'><strong>Quod</strong></span> <span class='ocrx_word' id='word_1_24' title='bbox 685 1344 931 1458; x_wconf 76' lang='lat' dir='ltr'><strong>superest,</strong></span> <span class='ocrx_word' id='word_1_25' title='bbox 960 1321 1000 1419; x_wconf 89' lang='lat' dir='ltr'><strong>si</strong></span> <span class='ocrx_word' id='word_1_26' title='bbox 1027 1319 1143 1456; x_wconf 90' lang='lat' dir='ltr'><strong>quis</strong></span> <span class='ocrx_word' id='word_1_27' title='bbox 1169 1356 1354 1455; x_wconf 89' lang='lat' dir='ltr'><strong>corpus</strong></span> <span class='ocrx_word' id='word_1_28' title='bbox 1381 1320 1567 1418; x_wconf 88' lang='lat' dir='ltr'><strong>sentire</strong></span> <span class='ocrx_word' id='word_1_29' title='bbox 1592 1339 1814 1437; x_wconf 83' lang='lat' dir='ltr'><strong>renutat,</strong></span> 
     </span>
     <span class='ocr_line' id='line_1_6' title="bbox 427 1488 1712 1630; baseline 0.002 -41"><span class='ocrx_word' id='word_1_30' title='bbox 427 1488 602 1630; x_wconf 87' lang='lat' dir='ltr'><strong>Atque</strong></span> <span class='ocrx_word' id='word_1_31' title='bbox 629 1497 845 1596; x_wconf 84' lang='lat' dir='ltr'><strong>animam</strong></span> <span class='ocrx_word' id='word_1_32' title='bbox 873 1495 1034 1596; x_wconf 87' lang='lat' dir='ltr'><strong>credit</strong></span> <span class='ocrx_word' id='word_1_33' title='bbox 1052 1495 1344 1630; x_wconf 76' lang='lat' dir='ltr'><strong>permistam</strong></span> <span class='ocrx_word' id='word_1_34' title='bbox 1369 1515 1712 1630; x_wconf 85' lang='lat' dir='ltr'><strong>corporetoto</strong></span> 
     </span>
     <span class='ocr_line' id='line_1_7' title="bbox 429 1663 1886 1807; baseline 0.003 -42"><span class='ocrx_word' id='word_1_35' title='bbox 429 1663 695 1806; x_wconf 82' lang='lat' dir='ltr'><strong>Suscipere</strong></span> <span class='ocrx_word' id='word_1_36' title='bbox 720 1669 858 1771; x_wconf 90' lang='lat' dir='ltr'><strong>hunc</strong></span> <span class='ocrx_word' id='word_1_37' title='bbox 883 1694 1078 1775; x_wconf 92' lang='lat' dir='ltr'><strong>motum</strong></span> <span class='ocrx_word' id='word_1_38' title='bbox 1105 1707 1259 1807; x_wconf 87' lang='lat' dir='ltr'><strong>quem</strong></span> <span class='ocrx_word' id='word_1_39' title='bbox 1285 1706 1486 1768; x_wconf 89' lang='lat' dir='ltr'><strong>sensum</strong></span> <span class='ocrx_word' id='word_1_40' title='bbox 1509 1669 1886 1788; x_wconf 64' lang='lat' dir='ltr'><strong>nominitamus</strong></span> 
     </span>
     <span class='ocr_line' id='line_1_8' title="bbox 425 1836 1873 1982; baseline 0.001 -43"><span class='ocrx_word' id='word_1_41' title='bbox 425 1836 527 1941; x_wconf 90' lang='lat' dir='ltr'><strong>Vel</strong></span> <span class='ocrx_word' id='word_1_42' title='bbox 552 1845 841 1946; x_wconf 81' lang='lat' dir='ltr'><strong>manifestas</strong></span> <span class='ocrx_word' id='word_1_43' title='bbox 868 1885 947 1946; x_wconf 92' lang='lat' dir='ltr'><strong>res</strong></span> <span class='ocrx_word' id='word_1_44' title='bbox 973 1869 1149 1947; x_wconf 86' lang='lat' dir='ltr'><strong>contra</strong></span> <span class='ocrx_word' id='word_1_45' title='bbox 1170 1882 1418 1982; x_wconf 86' lang='lat' dir='ltr'><strong>verasque</strong></span> <span class='ocrx_word' id='word_1_46' title='bbox 1444 1863 1713 1979; x_wconf 83' lang='lat' dir='ltr'><strong>repugnat.</strong></span> <span class='ocrx_word' id='word_1_47' title='bbox 1861 1862 1873 1883; x_wconf 83' lang='lat'>’</span> 
     </span>
     <span class='ocr_line' id='line_1_9' title="bbox 427 2011 1873 2157; baseline 0.003 -46"><span class='ocrx_word' id='word_1_48' title='bbox 427 2011 570 2133; x_wconf 82' lang='lat' dir='ltr'><strong>Quid</strong></span> <span class='ocrx_word' id='word_1_49' title='bbox 594 2020 659 2117; x_wconf 90' lang='lat' dir='ltr'><strong>sit</strong></span> <span class='ocrx_word' id='word_1_50' title='bbox 683 2020 823 2119; x_wconf 85' lang='lat' dir='ltr'><strong>enim.</strong></span> <span class='ocrx_word' id='word_1_51' title='bbox 844 2058 1029 2157; x_wconf 86' lang='lat' dir='ltr'><strong>corpus</strong></span> <span class='ocrx_word' id='word_1_52' title='bbox 1054 2019 1239 2132; x_wconf 85' lang='lat' dir='ltr'><strong>sentire</strong></span> <span class='ocrx_word' id='word_1_53' title='bbox 1266 2019 1382 2157; x_wconf 89' lang='lat' dir='ltr'><strong>quis</strong></span> <span class='ocrx_word' id='word_1_54' title='bbox 1409 2015 1603 2116; x_wconf 85' lang='lat' dir='ltr'><strong>adferet</strong></span> <span class='ocrx_word' id='word_1_55' title='bbox 1630 2052 1873 2154; x_wconf 83' lang='lat' dir='ltr'><strong>unquam,</strong></span> 
     </span>
    </p>
   </div>
   <div class='ocr_carea' id='block_1_3' title="bbox 425 2187 1886 2333">
    <p class='ocr_par' dir='ltr' id='par_1_3' title="bbox 425 2187 1886 2333">
     <span class='ocr_line' id='line_1_10' title="bbox 425 2187 1886 2333; baseline 0.003 -46"><span class='ocrx_word' id='word_1_56' title='bbox 425 2187 477 2289; x_wconf 86' lang='lat' dir='ltr'><strong>Si</strong></span> <span class='ocrx_word' id='word_1_57' title='bbox 505 2229 607 2293; x_wconf 93' lang='lat' dir='ltr'><strong>non</strong></span> <span class='ocrx_word' id='word_1_58' title='bbox 633 2194 744 2330; x_wconf 87' lang='lat' dir='ltr'><strong>ipsa</strong></span> <span class='ocrx_word' id='word_1_59' title='bbox 767 2196 937 2331; x_wconf 66' lang='lat' dir='ltr'><strong>polam</strong></span> <span class='ocrx_word' id='word_1_60' title='bbox 963 2194 1102 2333; x_wconf 90' lang='lat' dir='ltr'><strong>quod</strong></span> <span class='ocrx_word' id='word_1_61' title='bbox 1127 2232 1206 2294; x_wconf 88' lang='lat' dir='ltr'><strong>res</strong></span> <span class='ocrx_word' id='word_1_62' title='bbox 1233 2192 1456 2293; x_wconf 86' lang='lat' dir='ltr'><strong>deditae</strong></span> <span class='ocrx_word' id='word_1_63' title='bbox 1483 2190 1656 2293; x_wconf 92' lang='lat' dir='ltr'><strong>docuit</strong></span> <span class='ocrx_word' id='word_1_64' title='bbox 1680 2193 1802 2291; x_wconf 80' lang='lat' dir='ltr'><strong>nosl</strong></span> <span class='ocrx_word' id='word_1_65' title='bbox 1871 2220 1886 2249; x_wconf 68' lang='lat'>³</span> 
     </span>
    </p>
   </div>
   <div class='ocr_carea' id='block_1_4' title="bbox 386 2360 2017 5128">
    <p class='ocr_par' dir='ltr' id='par_1_4' title="bbox 386 2360 2017 5128">
     <span class='ocr_line' id='line_1_11' title="bbox 398 2360 1733 2508; baseline 0.004 -50"><span class='ocrx_word' id='word_1_66' title='bbox 398 2360 493 2463; x_wconf 71' lang='lat' dir='ltr'><strong>,At</strong></span> <span class='ocrx_word' id='word_1_67' title='bbox 519 2363 722 2468; x_wconf 83' lang='lat' dir='ltr'><strong>dimissa</strong></span> <span class='ocrx_word' id='word_1_68' title='bbox 746 2372 914 2471; x_wconf 86' lang='lat' dir='ltr'><strong>anima</strong></span> <span class='ocrx_word' id='word_1_69' title='bbox 938 2407 1121 2508; x_wconf 89' lang='lat' dir='ltr'><strong>corpus</strong></span> <span class='ocrx_word' id='word_1_70' title='bbox 1148 2390 1285 2470; x_wconf 83' lang='lat' dir='ltr'><strong>caret</strong></span> <span class='ocrx_word' id='word_1_71' title='bbox 1309 2367 1540 2506; x_wconf 89' lang='lat' dir='ltr'><strong>undique</strong></span> <span class='ocrx_word' id='word_1_72' title='bbox 1568 2404 1733 2486; x_wconf 88' lang='lat' dir='ltr'><strong>sensu,</strong></span> 
     </span>
     <span class='ocr_line' id='line_1_12' title="bbox 422 2535 1868 2682; baseline 0.001 -44"><span class='ocrx_word' id='word_1_73' title='bbox 422 2535 600 2667; x_wconf 85' lang='lat' dir='ltr'><strong>Perdit</strong></span> <span class='ocrx_word' id='word_1_74' title='bbox 625 2543 759 2642; x_wconf 88' lang='lat' dir='ltr'><strong>enim</strong></span> <span class='ocrx_word' id='word_1_75' title='bbox 786 2544 924 2682; x_wconf 92' lang='lat' dir='ltr'><strong>quod</strong></span> <span class='ocrx_word' id='word_1_76' title='bbox 952 2583 1055 2645; x_wconf 93' lang='lat' dir='ltr'><strong>non</strong></span> <span class='ocrx_word' id='word_1_77' title='bbox 1080 2545 1345 2682; x_wconf 88' lang='lat' dir='ltr'><strong>proprium</strong></span> <span class='ocrx_word' id='word_1_78' title='bbox 1371 2543 1471 2643; x_wconf 90' lang='lat' dir='ltr'><strong>fuit</strong></span> <span class='ocrx_word' id='word_1_79' title='bbox 1496 2549 1602 2642; x_wconf 87' lang='lat' dir='ltr'><strong>eius</strong></span> <span class='ocrx_word' id='word_1_80' title='bbox 1627 2580 1765 2664; x_wconf 85' lang='lat' dir='ltr'><strong>aevo;</strong></span> <span class='ocrx_word' id='word_1_81' title='bbox 1865 2591 1868 2598; x_wconf 91' lang='lat'>·</span> 
     </span>
     <span class='ocr_line' id='line_1_13' title="bbox 420 2707 1766 2857; baseline 0.002 -44"><span class='ocrx_word' id='word_1_82' title='bbox 420 2707 695 2855; x_wconf 80' lang='lat' dir='ltr'><strong>Multaque</strong></span> <span class='ocrx_word' id='word_1_83' title='bbox 721 2740 969 2854; x_wconf 82' lang='lat' dir='ltr'><strong>praeterea</strong></span> <span class='ocrx_word' id='word_1_84' title='bbox 991 2719 1163 2857; x_wconf 86' lang='lat' dir='ltr'><strong>perdit</strong></span> <span class='ocrx_word' id='word_1_85' title='bbox 1186 2756 1303 2820; x_wconf 90' lang='lat' dir='ltr'><strong>cum</strong></span> <span class='ocrx_word' id='word_1_86' title='bbox 1322 2718 1600 2854; x_wconf 84' lang='lat' dir='ltr'><strong>expellitur</strong></span> <span class='ocrx_word' id='word_1_87' title='bbox 1623 2756 1766 2840; x_wconf 65' lang='lat' dir='ltr'><strong>aevo„</strong></span> 
     </span>
     <span class='ocr_line' id='line_1_14' title="bbox 490 2887 1817 3029; baseline 0.001 -39"><span class='ocrx_word' id='word_1_88' title='bbox 490 2887 675 2991; x_wconf 91' lang='lat' dir='ltr'><strong>Dicere</strong></span> <span class='ocrx_word' id='word_1_89' title='bbox 700 2930 852 3029; x_wconf 91' lang='lat' dir='ltr'><strong>porro</strong></span> <span class='ocrx_word' id='word_1_90' title='bbox 876 2894 1048 2994; x_wconf 90' lang='lat' dir='ltr'><strong>oculos</strong></span> <span class='ocrx_word' id='word_1_91' title='bbox 1074 2895 1267 2994; x_wconf 87' lang='lat' dir='ltr'><strong>nullam</strong></span> <span class='ocrx_word' id='word_1_92' title='bbox 1292 2930 1400 2993; x_wconf 93' lang='lat' dir='ltr'><strong>rem</strong></span> <span class='ocrx_word' id='word_1_93' title='bbox 1425 2930 1629 2992; x_wconf 90' lang='lat' dir='ltr'><strong>cernere</strong></span> <span class='ocrx_word' id='word_1_94' title='bbox 1654 2928 1817 3029; x_wconf 88' lang='lat' dir='ltr'><strong>posse,</strong></span> 
     </span>
     <span class='ocr_line' id='line_1_15' title="bbox 416 3064 2017 3205; baseline 0.001 -41"><span class='ocrx_word' id='word_1_95' title='bbox 416 3064 518 3165; x_wconf 90' lang='lat' dir='ltr'><strong>Sed</strong></span> <span class='ocrx_word' id='word_1_96' title='bbox 543 3104 636 3203; x_wconf 88' lang='lat' dir='ltr'><strong>per</strong></span> <span class='ocrx_word' id='word_1_97' title='bbox 661 3105 745 3167; x_wconf 88' lang='lat' dir='ltr'><strong>eos</strong></span> <span class='ocrx_word' id='word_1_98' title='bbox 770 3069 996 3169; x_wconf 85' lang='lat' dir='ltr'><strong>animum</strong></span> <span class='ocrx_word' id='word_1_99' title='bbox 1021 3091 1080 3170; x_wconf 88' lang='lat' dir='ltr'><strong>ut</strong></span> <span class='ocrx_word' id='word_1_100' title='bbox 1104 3067 1299 3181; x_wconf 80' lang='lat' dir='ltr'><strong>foribus</strong></span> <span class='ocrx_word' id='word_1_101' title='bbox 1325 3090 1551 3205; x_wconf 85' lang='lat' dir='ltr'><strong>spectare</strong></span> <span class='ocrx_word' id='word_1_102' title='bbox 1577 3066 1801 3187; x_wconf 67' lang='lat' dir='ltr'><strong>reclusis</strong></span> <span class='ocrx_word' id='word_1_103' title='bbox 2006 3118 2017 3177; x_wconf 60' lang='lat' dir='ltr'><strong>t</strong></span> 
     </span>
     <span class='ocr_line' id='line_1_16' title="bbox 417 3218 1920 3384; baseline 0.001 -44"><span class='ocrx_word' id='word_1_104' title='bbox 417 3238 666 3379; x_wconf 90' lang='lat' dir='ltr'><strong>Desipere</strong></span> <span class='ocrx_word' id='word_1_105' title='bbox 692 3264 783 3363; x_wconf 86' lang='lat' dir='ltr'><strong>est,</strong></span> <span class='ocrx_word' id='word_1_106' title='bbox 811 3266 988 3344; x_wconf 87' lang='lat' dir='ltr'><strong>contra</strong></span> <span class='ocrx_word' id='word_1_107' title='bbox 1013 3282 1170 3384; x_wconf 90' lang='lat' dir='ltr'><strong>quom</strong></span> <span class='ocrx_word' id='word_1_108' title='bbox 1197 3281 1370 3379; x_wconf 86' lang='lat' dir='ltr'><strong>sensus</strong></span> <span class='ocrx_word' id='word_1_109' title='bbox 1389 3243 1526 3345; x_wconf 84' lang='lat' dir='ltr'><strong>dicat</strong></span> <span class='ocrx_word' id='word_1_110' title='bbox 1549 3280 1753 3342; x_wconf 91' lang='lat' dir='ltr'><strong>eorum:</strong></span> <span class='ocrx_word' id='word_1_111' title='bbox 1829 3311 1833 3317; x_wconf 91' lang='lat'><em>-</em></span> <span class='ocrx_word' id='word_1_112' title='bbox 1862 3218 1865 3224; x_wconf 17' lang='lat' dir='ltr'><strong>i</strong></span> <span class='ocrx_word' id='word_1_113' title='bbox 1918 3276 1920 3281; x_wconf 83' lang='lat'>·</span> 
     </span>
     <span class='ocr_line' id='line_1_17' title="bbox 417 3413 1964 3577; baseline 0.005 -63"><span class='ocrx_word' id='word_1_114' title='bbox 417 3413 606 3517; x_wconf 89' lang='lat' dir='ltr'><strong>Sensus</strong></span> <span class='ocrx_word' id='word_1_115' title='bbox 631 3418 767 3517; x_wconf 89' lang='lat' dir='ltr'><strong>enim</strong></span> <span class='ocrx_word' id='word_1_116' title='bbox 792 3416 963 3541; x_wconf 87' lang='lat' dir='ltr'><strong>trahit,</strong></span> <span class='ocrx_word' id='word_1_117' title='bbox 991 3442 1147 3559; x_wconf 87' lang='lat' dir='ltr'><strong>atque</strong></span> <span class='ocrx_word' id='word_1_118' title='bbox 1173 3419 1302 3520; x_wconf 90' lang='lat' dir='ltr'><strong>acies</strong></span> <span class='ocrx_word' id='word_1_119' title='bbox 1321 3416 1558 3518; x_wconf 54' lang='lat' dir='ltr'><strong>‘detrudit</strong></span> <span class='ocrx_word' id='word_1_120' title='bbox 1581 3416 1654 3516; x_wconf 85' lang='lat' dir='ltr'><strong>ad·</strong></span> <span class='ocrx_word' id='word_1_121' title='bbox 1671 3417 1835 3553; x_wconf 84' lang='lat' dir='ltr'><strong>ipses:</strong></span> <span class='ocrx_word' id='word_1_122' title='bbox 1865 3550 1879 3577; x_wconf 36' lang='grc' dir='ltr'><strong><em>ο</em></strong></span> <span class='ocrx_word' id='word_1_123' title='bbox 1960 3516 1964 3521; x_wconf 85' lang='grc'><em>.</em></span> 
     </span>
     <span class='ocr_line' id='line_1_18' title="bbox 414 3588 1819 3732; baseline 0.001 -42"><span class='ocrx_word' id='word_1_124' title='bbox 414 3588 634 3730; x_wconf 84' lang='lat' dir='ltr'><strong>Fulgida</strong></span> <span class='ocrx_word' id='word_1_125' title='bbox 657 3595 938 3730; x_wconf 76' lang='lat' dir='ltr'><strong>praesertim</strong></span> <span class='ocrx_word' id='word_1_126' title='bbox 965 3623 1120 3732; x_wconf 90' lang='lat' dir='ltr'><strong>quom</strong></span> <span class='ocrx_word' id='word_1_127' title='bbox 1145 3630 1348 3695; x_wconf 88' lang='lat' dir='ltr'><strong>cernere</strong></span> <span class='ocrx_word' id='word_1_128' title='bbox 1374 3629 1508 3730; x_wconf 86' lang='lat' dir='ltr'><strong>saepe</strong></span> <span class='ocrx_word' id='word_1_129' title='bbox 1533 3591 1819 3729; x_wconf 88' lang='lat' dir='ltr'><strong>nequimus,</strong></span> 
     </span>
     <span class='ocr_line' id='line_1_19' title="bbox 413 3764 1696 3908; baseline -0.002 -42"><span class='ocrx_word' id='word_1_130' title='bbox 413 3764 634 3867; x_wconf 87' lang='lat' dir='ltr'><strong>Lumina</strong></span> <span class='ocrx_word' id='word_1_131' title='bbox 657 3768 935 3870; x_wconf 88' lang='lat' dir='ltr'><strong>luminibus</strong></span> <span class='ocrx_word' id='word_1_132' title='bbox 961 3770 1083 3908; x_wconf 83' lang='lat' dir='ltr'><strong>quia</strong></span> <span class='ocrx_word' id='word_1_133' title='bbox 1107 3766 1253 3868; x_wconf 89' lang='lat' dir='ltr'><strong>nobis</strong></span> <span class='ocrx_word' id='word_1_134' title='bbox 1266 3766 1696 3907; x_wconf 74' lang='lat' dir='ltr'><strong>praepediuntur:</strong></span> 
     </span>
     <span class='ocr_line' id='line_1_20' title="bbox 386 3916 1947 4080; baseline 0 -40"><span class='ocrx_word' id='word_1_135' title='bbox 386 4061 389 4067; x_wconf 14' lang='grc' dir='ltr'>Ι</span> <span class='ocrx_word' id='word_1_136' title='bbox 412 3939 566 4059; x_wconf 83' lang='lat' dir='ltr'><strong>Quod</strong></span> <span class='ocrx_word' id='word_1_137' title='bbox 593 3939 789 4040; x_wconf 89' lang='lat' dir='ltr'><strong>foribus</strong></span> <span class='ocrx_word' id='word_1_138' title='bbox 805 3979 908 4040; x_wconf 94' lang='lat' dir='ltr'><strong>non</strong></span> <span class='ocrx_word' id='word_1_139' title='bbox 928 3942 1015 4066; x_wconf 84' lang='lat' dir='ltr'><strong>fit3</strong></span> <span class='ocrx_word' id='word_1_140' title='bbox 1043 3980 1212 4080; x_wconf 89' lang='lat' dir='ltr'><strong>neque</strong></span> <span class='ocrx_word' id='word_1_141' title='bbox 1234 3944 1386 4062; x_wconf 88' lang='lat' dir='ltr'><strong>enim,</strong></span> <span class='ocrx_word' id='word_1_142' title='bbox 1404 3979 1508 4080; x_wconf 87' lang='lat' dir='ltr'><strong>qua</strong></span> <span class='ocrx_word' id='word_1_143' title='bbox 1521 3940 1774 4041; x_wconf 90' lang='lat' dir='ltr'><strong>cernimus</strong></span> <span class='ocrx_word' id='word_1_144' title='bbox 1788 3940 1900 4078; x_wconf 88' lang='lat' dir='ltr'><strong>ipsi,</strong></span> <span class='ocrx_word' id='word_1_145' title='bbox 1944 3916 1947 3920; x_wconf 10' lang='grc' dir='ltr'><strong><em>Δ</em></strong></span> 
     </span>
     <span class='ocr_line' id='line_1_21' title="bbox 411 4112 1593 4252; baseline -0.003 -36"><span class='ocrx_word' id='word_1_146' title='bbox 411 4112 560 4216; x_wconf 89' lang='lat' dir='ltr'><strong>Ostia</strong></span> <span class='ocrx_word' id='word_1_147' title='bbox 585 4114 868 4252; x_wconf 87' lang='lat' dir='ltr'><strong>suscipiunt</strong></span> <span class='ocrx_word' id='word_1_148' title='bbox 885 4117 1046 4217; x_wconf 89' lang='lat' dir='ltr'><strong>ullum</strong></span> <span class='ocrx_word' id='word_1_149' title='bbox 1072 4117 1270 4218; x_wconf 84' lang='lat' dir='ltr'><strong>reclusa</strong></span> <span class='ocrx_word' id='word_1_150' title='bbox 1294 4116 1534 4218; x_wconf 83' lang='lat' dir='ltr'><strong>laborem.</strong></span> <span class='ocrx_word' id='word_1_151' title='bbox 1574 4112 1593 4147; x_wconf 79' lang='lat'><em>⁶</em></span> 
     </span>
     <span class='ocr_line' id='line_1_22' title="bbox 412 4287 1723 4428; baseline -0.001 -38"><span class='ocrx_word' id='word_1_152' title='bbox 412 4336 433 4373; x_wconf 87' lang='lat'><strong>·</strong></span> <span class='ocrx_word' id='word_1_153' title='bbox 476 4287 745 4410; x_wconf 76' lang='lat' dir='ltr'><strong>Praeterea,</strong></span> <span class='ocrx_word' id='word_1_154' title='bbox 773 4291 816 4389; x_wconf 91' lang='lat' dir='ltr'><strong>si</strong></span> <span class='ocrx_word' id='word_1_155' title='bbox 840 4289 1153 4428; x_wconf 85' lang='lat' dir='ltr'><strong>proforibus</strong></span> <span class='ocrx_word' id='word_1_156' title='bbox 1179 4314 1297 4392; x_wconf 91' lang='lat' dir='ltr'><strong>sunt</strong></span> <span class='ocrx_word' id='word_1_157' title='bbox 1319 4290 1514 4394; x_wconf 87' lang='lat' dir='ltr'><strong>lumina</strong></span> <span class='ocrx_word' id='word_1_158' title='bbox 1536 4309 1723 4408; x_wconf 86' lang='lat' dir='ltr'><strong>nostra,</strong></span> 
     </span>
     <span class='ocr_line' id='line_1_23' title="bbox 404 4463 1600 4602; baseline -0.003 -36"><span class='ocrx_word' id='word_1_159' title='bbox 404 4463 437 4566; x_wconf 89' lang='lat' dir='ltr'><strong>J</strong></span> <span class='ocrx_word' id='word_1_160' title='bbox 442 4502 521 4563; x_wconf 83' lang='lat' dir='ltr'><strong>am</strong></span> <span class='ocrx_word' id='word_1_161' title='bbox 548 4464 709 4602; x_wconf 85' lang='lat' dir='ltr'><strong>magis</strong></span> <span class='ocrx_word' id='word_1_162' title='bbox 733 4467 982 4602; x_wconf 87' lang='lat' dir='ltr'><strong>exemptis</strong></span> <span class='ocrx_word' id='word_1_163' title='bbox 1001 4467 1160 4568; x_wconf 89' lang='lat' dir='ltr'><strong>oculis</strong></span> <span class='ocrx_word' id='word_1_164' title='bbox 1186 4464 1372 4567; x_wconf 90' lang='lat' dir='ltr'><strong>debere</strong></span> <span class='ocrx_word' id='word_1_165' title='bbox 1397 4464 1600 4565; x_wconf 89' lang='lat' dir='ltr'><strong>videtur</strong></span> 
     </span>
     <span class='ocr_line' id='line_1_24' title="bbox 402 4638 1606 4779; baseline 0.001 -40"><span class='ocrx_word' id='word_1_166' title='bbox 402 4638 629 4739; x_wconf 84' lang='lat' dir='ltr'><strong>Cernere</strong></span> <span class='ocrx_word' id='word_1_167' title='bbox 655 4676 734 4738; x_wconf 91' lang='lat' dir='ltr'><strong>res</strong></span> <span class='ocrx_word' id='word_1_168' title='bbox 754 4640 950 4739; x_wconf 87' lang='lat' dir='ltr'><strong>animus</strong></span> <span class='ocrx_word' id='word_1_169' title='bbox 977 4640 1187 4742; x_wconf 87' lang='lat' dir='ltr'><strong>sublatis</strong></span> <span class='ocrx_word' id='word_1_170' title='bbox 1212 4639 1442 4779; x_wconf 90' lang='lat' dir='ltr'><strong>postibus</strong></span> <span class='ocrx_word' id='word_1_171' title='bbox 1467 4639 1606 4776; x_wconf 90' lang='lat' dir='ltr'><strong>ipsis.</strong></span> 
     </span>
     <span class='ocr_line' id='line_1_25' title="bbox 474 4810 1750 4955; baseline -0.002 -43.005"><span class='ocrx_word' id='word_1_172' title='bbox 474 4812 611 4912; x_wconf 92' lang='lat' dir='ltr'><strong>Illud</strong></span> <span class='ocrx_word' id='word_1_173' title='bbox 636 4813 690 4913; x_wconf 93' lang='lat' dir='ltr'><strong>in</strong></span> <span class='ocrx_word' id='word_1_174' title='bbox 716 4810 794 4912; x_wconf 87' lang='lat' dir='ltr'><strong>his</strong></span> <span class='ocrx_word' id='word_1_175' title='bbox 819 4813 972 4916; x_wconf 91' lang='lat' dir='ltr'><strong>rebus</strong></span> <span class='ocrx_word' id='word_1_176' title='bbox 996 4852 1324 4955; x_wconf 80' lang='lat' dir='ltr'><strong>nequaquam</strong></span> <span class='ocrx_word' id='word_1_177' title='bbox 1352 4830 1549 4917; x_wconf 76' lang='lat' dir='ltr'><strong>sumere</strong></span> <span class='ocrx_word' id='word_1_178' title='bbox 1575 4812 1750 4952; x_wconf 90' lang='lat' dir='ltr'><strong>possis,</strong></span> 
     </span>
     <span class='ocr_line' id='line_1_26' title="bbox 404 4988 1628 5128; baseline -0.002 -37"><span class='ocrx_word' id='word_1_179' title='bbox 404 4988 684 5091; x_wconf 89' lang='lat' dir='ltr'><strong>Democriti</strong></span> <span class='ocrx_word' id='word_1_180' title='bbox 712 4989 851 5128; x_wconf 92' lang='lat' dir='ltr'><strong>quod</strong></span> <span class='ocrx_word' id='word_1_181' title='bbox 878 5014 1051 5092; x_wconf 81' lang='lat' dir='ltr'><strong>sancta</strong></span> <span class='ocrx_word' id='word_1_182' title='bbox 1073 4992 1168 5093; x_wconf 87' lang='lat' dir='ltr'><strong>viri</strong></span> <span class='ocrx_word' id='word_1_183' title='bbox 1194 4989 1628 5127; x_wconf 85' lang='lat' dir='ltr'><strong>sententiaponit,</strong></span> 
     </span>
    </p>
   </div>
   <div class='ocr_carea' id='block_1_5' title="bbox 405 5162 1727 5397">
    <p class='ocr_par' dir='ltr' id='par_1_5' title="bbox 405 5162 1727 5397">
     <span class='ocr_line' id='line_1_27' title="bbox 405 5162 1727 5306; baseline 0 -40"><span class='ocrx_word' id='word_1_184' title='bbox 405 5162 644 5302; x_wconf 86' lang='lat' dir='ltr'><strong>Corporis</strong></span> <span class='ocrx_word' id='word_1_185' title='bbox 670 5184 824 5304; x_wconf 84' lang='lat' dir='ltr'><strong>utque</strong></span> <span class='ocrx_word' id='word_1_186' title='bbox 849 5167 1005 5268; x_wconf 82' lang='lat' dir='ltr'><strong>animi</strong></span> <span class='ocrx_word' id='word_1_187' title='bbox 1024 5166 1302 5306; x_wconf 87' lang='lat' dir='ltr'><strong>primordia</strong></span> <span class='ocrx_word' id='word_1_188' title='bbox 1323 5164 1527 5304; x_wconf 84' lang='lat' dir='ltr'><strong>singula</strong></span> <span class='ocrx_word' id='word_1_189' title='bbox 1548 5163 1727 5303; x_wconf 85' lang='lat' dir='ltr'><strong>primis</strong></span> 
     </span>
     <span class='ocr_line' id='line_1_28' title="bbox 1132 5349 1185 5397; baseline 0.019 -1"><span class='ocrx_word' id='word_1_190' title='bbox 1132 5354 1151 5396; x_wconf 75' lang='lat'><strong>1³</strong></span> <span class='ocrx_word' id='word_1_191' title='bbox 1168 5349 1185 5397; x_wconf 73' lang='lat'>2</span> 
     </span>
    </p>
   </div>
   <div class='ocr_carea' id='block_1_6' title="bbox 0 0 2304 6112">
    <p class='ocr_par' dir='ltr' id='par_1_6' title="bbox 0 0 2304 6112">
     <span class='ocr_line' id='line_1_29' title="bbox 0 0 2304 6112; baseline 0 4"><span class='ocrx_word' id='word_1_192' title='bbox 0 0 2304 6112; x_wconf 95' lang='lat' dir='ltr'><strong> </strong></span> 
     </span>
    </p>
   </div>
  </div>
 </body>
</html>
