4598 6112
476 528 552 643 44
804 535 866 628 T.
898 538 1354 634 „LUCRETH
1419 541 1632 634 CARI
1711 621 1713 625 ,

480 797 825 919 Quareesiam
848 814 1005 935 atque
1030 798 1181 902 etiam
1202 796 1421 901 suboriri
1443 802 1605 902 mults
1628 841 1830 904 neeesse
1856 801 1964 908 ese*

478 970 548 1074 Et
570 993 742 1079 tamen
768 992 827 1078 ut
850 970 1019 1108 plegae
1046 1010 1253 1111 qnoque
1277 955 1474 1109 possint
1496 1001 1772 1114 suppetere
1796 981 1938 1118 ipsse,

479 1145 689 1250 Infinita
713 1184 843 1282 opus
869 1169 944 1247 est
971 1149 1043 1263 vis
1072 1149 1297 1288 undique
1322 1150 1566 1253 materiai.
1598 1241 1600 1244 ,

551 1320 689 1422 Illud
715 1323 768 1421 in
793 1318 872 1430 his
897 1319 1049 1428 rebus
1074 1323 1225 1461 longe
1251 1322 1374 1462 fuge
1399 1324 1620 1448 credere,
1648 1326 1879 1452 Memmi,

481 1496 543 1598 In
570 1496 795 1597 medium
815 1533 1024 1603 summae
1049 1499 1216 1638 (quod
1238 1497 1437 1633 dicunt)
1465 1503 1635 1602 omnia
1661 1504 1771 1623 niti,

479 1673 654 1813 Atque
680 1672 795 1802 ideo
819 1670 998 1776 mundi
1024 1695 1255 1775 naturam
1284 1694 1414 1773 stare
1441 1675 1548 1810 sine
1577 1676 1690 1777 ullis

480 1850 674 1955 Ictibus
699 1851 938 1969 externis,
964 1887 1134 1988 neque
1160 1884 1420 1987 quoquam
1446 1886 1592 1986 posse
1617 1853 1796 1956 resolvi

482 2028 693 2134 Summa
718 2047 874 2165 atque
893 2027 1010 2144 ima,
1038 2020 1178 2161 quod
1202 2020 1257 2123 in
1274 2019 1497 2121 medium
1520 2022 1622 2123 sint
1633 2027 1804 2126 omnia
1820 2028 1941 2129 nixa
1950 2067 1964 2151 3

335 2178 337 2181 V
458 2201 685 2341 (Ipsum
712 2199 1064 2340 siquidqnam
1088 2233 1233 2335 posse
1259 2193 1391 2298 inse
1417 2196 1590 2297 sistere
1615 2200 1808 2325 oredis3

481 2375 550 2478 Et
577 2417 695 2518 quae
721 2374 954 2515 pondera,
973 2394 1093 2475 sunt
1118 2370 1213 2473 sub
1237 2372 1384 2473 terris
1410 2374 1581 2473 omnia
1604 2413 1804 2479 sursum
1900 2389 1906 2397 ’

482 2549 671 2671 Nitie1‚
690 2551 745 2655 iu
769 2571 1007 2685 ‚terraque
1031 2567 1167 2649 retro
1192 2548 1508 2687 requiescere
1532 2553 1706 2686 psista3

481 2722 558 2828 Ut
581 2762 674 2863 per
698 2761 857 2862 aquas
881 2759 1000 2860 quoe
1026 2759 1162 2824 nuno
1188 2758 1356 2823 rerum
1382 2724 1648 2826 simulacra
1678 2725 1908 2830 videmus
1926 2734 1966 2866 ι)

480 2897 551 3001 Et
575 2898 723 3000 simili
749 2897 943 3002 ratione
966 2895 1202 3000 animalia
1224 2875 1390 3034 suppa
1412 2901 1584 3036 vagari
1720 3004 1724 3008 ,
1748 2911 1756 2920 ’

487 3075 835 3194 Contendunt,
862 3110 1030 3213 neque
1048 3110 1194 3209 posse
1220 3110 1248 3174 e
1272 3071 1419 3173 terris
1442 3073 1497 3173 in
1523 3074 1771 3177 locaooeli

482 3249 735 3357 Recidere.
754 3245 993 3353 inferiora
1014 3247 1192 3385 magis,
1219 3283 1375 3383 qnam
1395 3273 1804 3383 corporanostre

484 3424 676 3564 Sponte
703 3460 794 3528 sua
811 3421 1008 3558 possint
1031 3421 1085 3522 in
1109 3421 1221 3521 coeli
1237 3418 1439 3554 templa
1464 3419 1661 3522 volare:
1783 3442 1810 3554 .'
1893 3437 1894 3441 ‘

484 3601 565 3703 Illi
592 3638 749 3741 quom
764 3598 969 3703 videant
993 3595 1165 3715 solem,
1192 3632 1283 3696 nos
1307 3592 1472 3699 sidere
1491 3596 1656 3695 noctis

485 3775 722 3895 Cernere,
750 3796 802 3873 et
827 3768 1321 3903 alternisnobiscum
1344 3791 1575 3904 tempora
1597 3770 1710 3871 coeli

484 3947 744 4075 Dividere,
771 3968 823 4047 et
848 3946 1037 4047 nocteis
1061 3943 1266 4082 perileis
1290 3945 1499 4082 agitare,
1526 3943 1756 4086 diesque.
1878 3912 1889 3993 Γ
1963 3995 1964 3999 ¹

534 4122 655 4234 Sed
682 4158 840 4227 venus
865 4118 1059 4230 stolidis
1082 4115 1194 4219 haec
1219 4123 1391 4222 omnia
1409 4119 1620 4222 finxerit
1644 4160 1800 4247 error,

485 4296 892 4436 Amplexiquod
917 4294 1365 4432 habent.perverse
1389 4297 1556 4434 prime
1579 4299 1693 4399 viai.

488 4469 1039 4598 Nam'mediumnihil.
1056 4490 1371 4605 essepotest,
1396 4465 1488 4567 uhi
1513 4467 1681 4589 inane,
1708 4469 1979 4613 locusque·

485 4646 694 4788 infinita
713 4688 739 4753 ε,
761 4684 930 4785 neque
955 4645 1178 4765 omnino,
1206 4642 1256 4773 si
1264 4641 1373 4779 jam
1398 4640 1636 4742 medium·
1652 4645 1734 4767 sit,

487 4819 653 4922 Possit
677 4819 748 4920 ibi
775 4819 1060 4960 quidquam
1080 4818 1180 4922 hac
1204 4819 1377 4957 potius
1401 4819 1672 4921 consistere
1691 4858 1863 4952 eausa,
1915 4840 1918 4847 ’

489 4991 660 5113 Quem
684 4994 984 5134 quaviselia
1006 4995 1159 5133 longe
1183 4992 1392 5129 regione
1415 5028 1637 5098 manere.

472 5166 672 5270 'Omnis
697 5169 833 5271 enim
856 5170 1014 5292 locus,
1039 5207 1098 5273 ao
1121 5167 1362 5308 spatium,
1388 5168 1969 5310 quod'inene'vooamns,
