4598 6112
417 507 524 601 alu
742 510 802 599 Τ.
869 504 1290 598 LUCRETII
1355 506 1569 615 CARI

415 767 575 869 Terra
601 768 680 886 sit,
708 804 735 866 e
759 788 893 866 terra
919 765 1159 900 quoniam
1189 785 1307 864 sunt
1331 785 1513 864 cuneta
1538 787 1737 866 ereata:

416 939 692 1079 Multaque
719 939 1030 1039 nuncetiam
1057 939 1284 1039 existunt
1308 938 1545 1041 animalia
1569 941 1734 1058 terris,
1881 990 1887 999 ·

415 1115 673 1218 Imbribus
699 1139 751 1215 et
775 1114 938 1215 calido
962 1115 1080 1215 solis
1106 1137 1339 1217 concreta
1357 1151 1562 1251 vapore.
1583 1165 1584 1169 Ν

415 1287 536 1409 Quo
563 1290 730 1389 minus
755 1310 831 1386 est
857 1288 1055 1406 rnirum,
1077 1288 1117 1386 si
1143 1310 1253 1388 tum
1279 1311 1398 1388 sunt
1424 1287 1572 1424 plura
1598 1311 1785 1408 coorta,
1808 1333 1820 1382 i

414 1461 485 1565 Et
509 1465 714 1603 majora,
742 1500 870 1563 nova
893 1461 1075 1569 tellure
1101 1484 1256 1600 atque
1281 1459 1472 1563 aelbere
1498 1462 1689 1565 adulto.

483 1640 758 1777 Principia,
785 1675 948 1776 genus
971 1636 1202 1757 alituum,
1228 1638 1488 1774 variaeque
1513 1637 1746 1739 volucres

414 1812 528 1916 Ova
552 1810 912 1952 relinquebant
936 1809 1156 1909 exclusae
1180 1832 1410 1947 ternpore
1434 1849 1622 1935 vern03

411 1987 684 2090 Folliculos
707 2010 765 2086 ut
791 2023 926 2085 nunc
951 1984 1152 2084 tereteis
1178 2006 1353 2085 aestate
1380 1984 1568 2087 cicadae

411 2159 695 2299 Linquunt,
723 2179 902 2296 sponte
929 2193 1034 2274 sua,
1061 2155 1251 2255 victum
1276 2157 1537 2300 vitamque
1563 2187 1809 2301 petentes.

406 2333 542 2435 Turn
568 2333 661 2433 tibi
686 2357 822 2433 terra
846 2328 989 2430 dedit
1007 2329 1232 2466 primum
1258 2334 1489 2436 mortalia
1513 2337 1689 2439 saecla:
1735 2393 1737 2397 ’
1848 2386 1851 2393 ·

408 2506 612 2609 Multus
637 2506 772 2606 enirn
798 2502 933 2604 calor
950 2523 1106 2638 atque
1133 2499 1318 2604 humor
1336 2508 1609 2644 superabat
1628 2513 1679 2612 in
1701 2512 1848 2614 arvis.

408 2679 547 2782 Hinc
573 2679 662 2780 ubi
688 2713 910 2817 quaeque
938 2675 1031 2774 loci
1057 2677 1199 2813 regio
1224 2702 1513 2817 opportuna
1539 2674 1774 2803 dabatur,

409 2854 720 2956 Crescebant
743 2851 874 2954 uteri
901 2871 1050 2949 terrae
1074 2849 1329 2953 radicibus
1356 2856 1491 2990 apti3
1583 2875 1585 2879 ’

406 3030 550 3150 Quos
577 3027 666 3130 ubi
691 3052 919 3165 tempore
945 3045 1145 3123 maturo
1169 3025 1478 3161 patefecerat
1502 3052 1623 3130 aetas

315 3306 321 3319 ,
404 3202 669 3306 Infantum
694 3202 897 3342 fugiens
925 3197 1216 3343 humorem,
1235 3240 1488 3340 aurasque
1512 3206 1779 3341 petissens,

405 3375 749 3478 Convertebat
773 3372 845 3474 ibi
872 3398 1055 3476 natura
1079 3374 1327 3478 foramina
1350 3401 1517 3499 terrae,

403 3548 476 3650 Et
501 3588 704 3651 succum
729 3548 872 3649 venis
897 3547 1113 3686 cogebat
1136 3548 1352 3651 fundere
1379 3552 1568 3690 apertis

405 3723 733 3825 Consimilem
760 3722 934 3846 lactis3
973 3723 1104 3825 sicut
1129 3738 1263 3828 nune
1289 3726 1494 3829 foemina
1518 3765 1742 3868 quaeque
1872 3754 1874 3759 ’

404 3898 578 4020 Quom
604 3898 823 4038 peperit,
852 3896 989 3999 dulci
1016 3901 1246 4037 repletur
1271 3903 1417 4022 lacte,
1445 3901 1583 4042 quod
1610 3903 1777 4005 omnis

402 4074 636 4213 Impetus
659 4078 713 4175 in
739 4109 982 4217 mamrnas
1008 4075 1318 4175 convertitur
1342 4075 1428 4175 ille
1454 4077 1695 4179 alimenti.

399 4248 562 4350 Terra
586 4247 971 4385 ciburnopueria
993 4271 1182 4350 vestem
1207 4289 1381 4389 vapor,
1407 4248 1566 4351 herba
1590 4247 1759 4353 cubile

401 4420 676 4526 Praebebat
701 4422 863 4520 inulta
888 4446 940 4522 et
964 4424 1103 4522 molli
1123 4425 1365 4563 lanugine
1385 4422 1667 4525 abundans.

471 4599 543 4697 At
568 4598 761 4697 novitas
786 4597 967 4695 mundi
994 4634 1087 4696 nec
1112 4596 1302 4736 frigora
1327 4598 1456 4701 dura
1480 4597 1661 4716 ciebat,

399 4774 454 4881 N
461 4813 517 4874 ec
543 4774 724 4874 nimios
741 4735 920 4893 aestus,
947 4809 1041 4872 nee
1066 4773 1264 4909 magnis
1287 4772 1480 4874 viribus
1504 4810 1680 4875 auras:

399 4949 590 5053 Omnia
616 4948 751 5049 enirn
776 4946 969 5086 pariter
993 4969 1241 5066 crescunt,
1269 4971 1321 5047 et
1343 4946 1526 5049 robora
1550 4968 1774 5053 sumunt.

399 5122 576 5244 Quare
604 5124 755 5226 etiarn
782 5145 939 5263 atque
965 5122 1117 5225 etiarn
1143 5142 1428 5223 maternum
1453 5159 1639 5223 nornen
1658 5120 1842 5261 adepta
1995 5154 1999 5163 '
