4598 6112
400 512 475 639 96.
574 621 578 626 f
735 528 797 619 r.
861 525 1291 624 uuconrrr.
1323 525 1561 669 cunr

405 788 609 902 Semele
632 784 698 891 ab
724 786 989 889 dulcivitn
1012 783 1282 925 stabilique
1305 784 1563 918 videntur,
1701 845 1706 854 ·

403 962 474 1067 Et
500 963 646 1105 quasi
664 963 772 1103 jam
790 959 916 1065 lethi
941 984 1113 1099 portos
1138 959 1422 1062 cunctarier
1444 983 1592 1064 onte:

401 1136 559 1246 Unde
585 1135 830 1257 homiues,
857 1135 982 1238 dum
1007 1172 1060 1235 se
1084 1133 1213 1235 falso
1239 1155 1428 1234 terrore
1453 1139 1614 1238 coacti
1684 1188 1689 1199 ·

404 1309 675 1451 Refugisse
699 1309 879 1413 volunt
903 1309 1081 1448 longc,·
1099 1310 1355 1447 longeque
1379 1314 1613 1434 renuisse,
1733 1358 1738 1367 ·
1763 1348 1776 1426 ,·

406 1483 667 1624 Sanguine
685 1485 823 1613 civili
849 1516 956 1585 rem
981 1486 1237 1606 conflent3
1271 1480 1574 1623 divitiasque
1658 1507 1674 1525 ⁹
1764 1524 1809 1607 ᾗ
1901 1472 1907 1483 ’

408 1658 786 1800 conduplicent
810 1658 964 1779 ovidi,
987 1654 1178 1760 eaedem
1192 1655 1334 1757 coedi
1358 1659 1750 1768 accumulantes
1816 1775 1826 1789 ,,

408 1831 654 1934 Crudeles
678 1831 907 1972 gaudent
930 1833 1137 1934 intristi
1160 1831 1340 1933 struere
1358 1830 1561 1934 fratris:
1723 1885 1731 1915 ’-

408 2004 481 2108 Et
505 2005 937 2146 consanguineum
962 2016 1159 2106 mensas
1182 2002 1353 2124 odere,
1378 2004 1682 2147 timentque.

480 2179 743 2285 Consimili
768 2178 1054 2283 ratione'ob
1076 2178 1254 2280 eodem
1279 2181 1619 2315 saepe-timore

407 2338 883 2499 Maceratinvidio:
920 2366 1045 2457 ante
1063 2355 1236 2455 oculos
1259 2353 1403 2454 illum
1430 2376 1538 2455 esse
1561 2378 1843 2494 potentem,

194 2599 249 2611 ·⁴
409 2527 564 2632 Illum
589 2528 889 2666 adspeetori,
908 2529 1150 2667 claroque
1171 2527 1404 2647 incedere
1429 2525 1620 2631 honore
1636 2573 1656 2658 ς
1795 2594 1800 2609 ·
1876 2530 1921 2664 ‚⁴

408 2701 516 2842 Ipsi
542 2741 594 2804 se
618 2704 672 2809 iu
696 2701 920 2806 tenebris
941 2702 1076 2804 volvi
1098 2710 1346 2841 coenoque
1370 2726 1674 2843 queruntur.

411 2876 684 2981 Intereunt·
703 2877 887 3016 partim
911 2897 1211 2997 statuorum3
1238 2898 1292 2978 et
1314 2879 1533 2980 nominis
1551 2908 1704 3021 ergo:

412 3054 483 3158 Et
507 3093 641 3192 saepe
667 3053 994 3194 usqueadeo,
1019 3055 1194 3153 moitis
1218 3052 1505 3177 formidine,
1532 3056 1652 3157 vitoe

413 3229 641 3367 Percipit
658 3225 1122 3346 humanosudium,
1141 3227 1371 3365 lucisque
1387 3228 1641 3351 videndae,

295 3426 300 3431 ’
415 3401 491 3509 Ut
516 3403 612 3504 sibi
637 3402 951 3519 consciscant·
970 3401 1199 3525 moereuti
1226 3408 1431 3539 pectore
1458 3401 1672 3527 lethum,

418 3580 585 3685 Obliti
606 3580 801 3680 fontem
825 3572 1224 3678 curarumlru'uc
1249 3613 1356 3676 esse
1380 3578 1631 3700 timorem,

417 3752 573 3856 Hune
596 3759 779 3868 vexare
803 3747 1082 3886 pudorem,¹
1097 3746 1233 3850 huuc
1255 3749 1460 3852 vincula
1484 3755 1725 3858 amicitiai

418 3925 694 4066 Rumpere,
715 3947 766 4026 et
789 3926 841 4025 iu
869 3959 1067 4024 summa
1086 3923 1332 4059 pietatem
1353 3948 1577 4028 evertere
1600 3899 1778 4033 fundoss

420 4099 558 4205 Nam
576 4101 686 4240 jam
708 4136 843 4243 scope
863 4095 1098 4199 homines
1122 4099 1355 4235 patriam,
1382 4136 1628 4240 carosque
1649 4102 1908 4240 parenteis

422 4273 786 4392 Prodideruut,
812 4271 972 4374 vitare
994 4269 1275 4374 Acherusia
1298 4277 1491 4414 templa
1515 4297 1763 4412 petentes.

490 4445 630 4552 Nam
652 4446 983 4582 ueluti-pueri
996 4444 1284 4581 trepident,
1308 4469 1465 4586 atque
1478 4448 1825 4580 ‘omniosscaecis

418 4622 481 4726 Iu
507 4619 731 4724 tenebris
755 4640 1026 4721 metuunt:
1062 4619 1131 4719 sic
1155 4655 1248 4720 nos
1270 4621 1326 4722 in
1350 4618 1463 4723 luce
1482 4622 1720 4726 timemus
1744 4684 1748 4692 -

420 4796 708 4918 Interdum,
730 4790 892 4896 nihilo
910 4829 1029 4934 quae
1054 4796 1473 4907 sunt-metuende
1496 4803 1663 4938 magis
1682 4826 1845 4942 quom·

422 4972 557 5096 Quae
572 4973 730 5110 pueri
753 4973 807 5072 in
831 4968 1057 5072 tenebris·
1078 4969 1324 5109 pavitant,
1349 4971 1659 5114 finguntque
1681 4975 1870 5079 futura.
1945 5042 1949 5047 -

423 5144 1029 5286 Huncigitprterromn
1052 5143 1225 5276 animi,
1249 5132 1589 5292 tenebrasque
1614 5174 1910 5262 necesseest
1937 5212 1943 5220 ·
