4598 6112
591 418 599 444 ¹
743 491 1013 583 trena
1074 460 1549 585 SECUNDUS,
1598 416 1609 423 ’
1833 496 1899 588 aa

399 757 537 879 Quid
547 761 572 858 l·
581 778 743 895 genus
757 751 1040 855 humanum
1058 753 1372 891 propritime
1392 753 1581 893 quibus
1596 779 1774 895 aptum
1790 767 1896 863 estl

399 931 602 1034 Scilicet
626 953 678 1031 et
701 931 815 1077 risu,
831 928 1050 1030 tremulo
1075 967 1316 1030 concussa
1340 927 1660 1052 cachinnant,
1703 937 1706 943 ’

397 1105 468 1208 Et
489 1106 728 1246 lacrymis
754 1126 1004 1244 spargunt
1027 1101 1317 1205 rorantibus
1341 1141 1430 1203 ora
1453 1112 1730 1246 genasque,
1818 1239 1821 1247 ⁴

397 1280 673 1421 Multaque
700 1280 764 1381 de
789 1316 961 1381 rerum
988 1280 1199 1379 mistura
1225 1278 1392 1377 dicere
1418 1281 1619 1404 callent,

353 1503 355 1507 ’
398 1455 467 1557 Et
493 1455 586 1557 sibi
611 1492 859 1594 proporro
886 1496 1005 1597 quae
1031 1458 1131 1557 sint
1158 1455 1436 1595 primordia
1461 1434 1717 1595 quaerunt.

469 1630 905 1771 Quandoquidem
930 1613 1049 1732 totis
1074 1629 1372 1731 mortalibus
1398 1629 1701 1731 adsimulata

398 1802 518 1942 Ipsa
538 1838 747 1944 quoque
772 1842 838 1904 ex
863 1806 972 1906 aliis
998 1802 1189 1906 debent
1213 1828 1441 1906 constare
1460 1806 1752 1931 elementis3
1830 1804 1854 1938 ’-

399 1974 528 2077 Inde
548 1977 645 2077 alia
669 2014 735 2075 ex
759 1977 886 2098 aliis,
902 2016 1158 2120 nusquam
1184 1984 1455 2081 consistere
1480 2003 1540 2082 ut
1564 1983 1712 2082 ausis.

401 2135 609 2293 Quippe
636 2190 837 2292 sequar,
865 2155 1213 2295 quodcunque
1237 2156 1398 2294 loqui,-
1425 2154 1702 2294 ridereque·
1724 2154 1876 2279 dices,

400 2326 470 2429 Et
490 2366 684 2467 sapere,
707 2367 770 2428 ex
798 2329 907 2429 aliis
932 2330 1112 2429 eadem
1137 2327 1247 2429 baec
1272 2328 1591 2450 facientibus,
1617 2353 1678 2431 ut
1704 2332 1784 2434 sit,
1831 2335 1865 2449 ἶ,

402 2502 559 2626 Quod
585 2506 626 2603 si
650 2503 812 2604 delira
834 2501 946 2606 haec
965 2501 1258 2642 furiosaque
1285 2506 1536 2605 cernimus
1557 2543 1686 2636 esse,
1836 2512 1840 2521 ’

401 2679 471 2782 Et
495 2681 662 2806 ridere
688 2702 859 2819 potest
882 2714 947 2778 ex
971 2715 1075 2778 non
1098 2675 1383 2778 ridentibus
1407 2701 1574 2817 aptus,

215 2988 222 2996 ι
272 2906 281 2922 ·
398 2855 470 2959 Et
494 2895 687 2995 sapere,
713 2879 766 3000 et
791 2854 952 2956 doctis
976 2853 1225 2954 rationem
1249 2852 1465 2954 reddere
1492 2854 1656 2976 dictis,

399 3030 523 3134 Non
549 3068 614 3131 ex
640 3027 916 3132 seminibus
942 3025 1255 3166 sapientibus
1279 3050 1437 3168 atque
1463 3027 1689 3155 disertis3

400 3205 507 3329 Qul
530 3209 699 3308 minus
724 3243 830 3306 esse
846 3226 1042 3344 queant
1065 3174 1141 3324 ea,
1162 3241 1280 3343 quae
1307 3204 1492 3305 sentire
1516 3204 1748 3308 videmus

328 3495 330 3498 Α
400 3379 690 3485 Seminibus
714 3381 957 3519 permista
981 3378 1271 3480 carentibus
1295 3380 1526 3520 undique
1549 3389 1735 3486 sensul
1830 3384 1863 3432 ²

402 3678 403 3682 q
469 3555 714 3695 Denique
740 3553 928 3655 coelesti
953 3589 1127 3662 sumus
1145 3592 1318 3655 omnes
1344 3557 1790 3663 semiueoriundi:
1847 3566 1850 3570 ’

402 3729 658 3855 Omnibus
676 3730 762 3830 ille
781 3729 917 3828 idem
943 3750 1089 3866 pater
1113 3752 1205 3851 est,
1230 3730 1370 3831 unde
1394 3732 1527 3832 alma
1545 3732 1818 3873 liquenteis

400 3887 692 4010 Humorurn
718 3926 890 4042 guttas
914 3902 1420 4043 mater.'quom.terra
1443 3904 1651 4045 recepit,
1829 3911 1834 3924 ’

400 4082 543 4184 Foeta
565 4083 702 4219 parit
726 4078 911 4179 nitidas
929 4078 1119 4217 fruges,
1148 4077 1457 4220 arbustaque
1481 4073 1617 4206 laeta,

400 4258 470 4361 Et
495 4293 655 4396 genus
680 4253 977 4374 humanum,
1002 4255 1139 4391 parit
1154 4255 1325 4355 omnia
1349 4257 1499 4357 saecla
1522 4257 1761 4383 ferarum,
1885 4273 1895 4279 ’

398 4431 598 4535 Pabula
619 4466 775 4570 quom
799 4425 1013 4567 praebet,
1032 4426 1223 4566 quibus
1237 4464 1411 4532 omnes
1425 4470 1636 4572 corpora
1644 4461 1882 4574 pascunt,

251 4709 256 4715 ,
400 4606 470 4709 Et
493 4606 696 4707 dulcem
715 4603 909 4704 ducunt
924 4606 1093 4726 vitam,
1118 4607 1419 4747 prolemque
1443 4634 1766 4749 propagant.v

402 4779 733 4919 Quapropter
757 4779 939 4879 merito
963 4801 1249 4879 maternum
1272 4818 1460 4880 nomen
1484 4781 1672 4921 adepta
1693 4807 1809 4916 est„
1857 4773 1867 4869 s

346 4974 357 4993 '
403 4953 556 5097 Cedit
578 4957 700 5055 item
724 4977 861 5056 retro
885 4954 1110 5063 de-terra
1134 4951 1276 5093 quod
1300 4952 1400 5053 fuit
1423 4977 1556 5077 ante,
1833 4969 1835 4973 ’

402 5127 463 5233 In
489 5153 680 5255 terras3
714 5153 771 5233 et
789 5131 925 5270 quod
953 5132 1163 5233 missum
1188 5152 1354 5232 estex
1376 5128 1580 5234 aetheris
1605 5134 1721 5257 oris,
