4598 6112
702 572 978 662 uraca
1042 572 1451 666 noturus.
1708 543 1808 668 eos

315 832 506 935 Omnia
529 831 663 931 enim
692 830 848 966 magis
876 827 984 928 haec
1011 868 1038 928 e
1064 830 1455 971 laevibusatque
1481 835 1710 935 rotundis

315 1007 620 1147 Seminibus,
649 1004 913 1140 multoque
938 1005 1216 1106 minoribus
1243 1031 1361 1108 sunt
1387 1007 1665 1126 elementis

315 1180 483 1302 Quam
510 1182 689 1283 tellus:
728 1177 842 1277 ideo
868 1216 1096 1314 perrara
1124 1179 1368 1279 foramina
1393 1204 1541 1279 terrae

312 1355 549 1456 Partibus
574 1388 845 1488 erumpens
872 1352 1064 1487 primus
1091 1391 1142 1452 se
1170 1357 1375 1455 sustulit
1400 1353 1561 1454 aether

315 1531 552 1670 Signifer,
580 1551 631 1627 et
656 1525 839 1625 multos
865 1563 1033 1624 securn
1059 1526 1181 1625 levis
1208 1526 1417 1626 abstulit
1446 1529 1639 1665 igneis:

316 1704 437 1806 Non
466 1706 562 1805 alia
586 1705 737 1839 longe
762 1680 972 1821 ratione,
1000 1736 1056 1799 ac
1082 1738 1217 1835 saepe
1244 1702 1488 1822 videmus,

313 1878 485 1979 Aurea
511 1916 663 2016 quom
690 1877 910 2013 primurn
936 1877 1270 2010 gemmanteis
1296 1914 1407 1976 rore
1434 1915 1525 2014 per
1550 1875 1733 1977 herbas

312 2049 569 2152 Matutina
595 2049 782 2151 rubent
808 2049 986 2148 radiati
1015 2050 1206 2149 lumina
1233 2052 1370 2171 solis

314 2224 673 2364 Exhalantque
689 2225 835 2323 lacus
861 2223 1116 2346 nebulam,
1144 2228 1392 2367 fluviique
1418 2263 1697 2363 perennes3

311 2396 429 2536 Ipsa
455 2437 664 2539 quoque
689 2397 945 2497 interdurn
971 2399 1122 2499 tellus
1149 2400 1342 2500 fumare
1362 2400 1594 2500 videtur:

312 2571 501 2673 Omnia
526 2611 643 2711 quae
669 2608 864 2680 sursum
893 2610 1048 2711 quom
1076 2574 1408 2674 conciliantur
1432 2576 1484 2673 in
1511 2575 1629 2694 alto,

225 2878 233 2889 ι
311 2745 537 2884 Corpore
564 2768 796 2846 concreto
823 2744 1105 2846 subtexunt
1130 2745 1307 2846 nubila
1331 2748 1544 2848 coelum:

311 2918 395 3020 Sic
420 2921 578 3055 igitur
603 2941 707 3018 turn
736 2957 786 3018 se
812 2919 934 3018 levis
960 2958 1016 3019 ac
1043 2918 1275 3019 diffusilis
1301 2919 1462 3021 aether

312 3089 538 3230 Corpore
565 3115 796 3193 concreto
822 3092 1161 3192 circumdatus
1187 3094 1415 3233 undique
1442 3096 1613 3232 sepsit,

310 3264 380 3367 Et
402 3269 503 3367 late
530 3265 820 3410 diffususin
845 3267 1038 3367 omneis
1063 3268 1293 3405 undique
1317 3271 1521 3405 parteis,

311 3437 499 3542 Omnia
524 3442 593 3541 sic
619 3439 765 3540 avido
793 3442 1060 3577 complexu
1088 3465 1271 3542 caetera
1298 3446 1466 3579 sepsit.

309 3613 464 3715 Hunc
490 3613 698 3714 exordia
723 3637 840 3752 sunt
867 3615 982 3714 solis
1007 3614 1249 3753 lunaeque
1276 3637 1474 3738 secuta3

310 3786 450 3888 luter
476 3811 720 3926 utrosque
745 3788 883 3925 globi
913 3827 1132 3927 quorum
1157 3809 1427 3889 vertuntur
1450 3790 1503 3888 in
1528 3793 1692 3893 auris:

307 3961 440 4082 Quae
459 4000 629 4101 neque
648 3985 784 4062 terra
803 3961 897 4062 sibi
918 3961 1140 4082 adscivit,
1159 4000 1328 4101 neque
1350 3967 1596 4065 maximus
1613 3965 1795 4090 aether3

312 4133 467 4255 Quod
493 4156 713 4235 nectam
742 4134 931 4235 fuerint
954 4138 1143 4273 gravia,
1169 4160 1229 4236 ut
1253 4136 1489 4274 depressa
1514 4139 1763 4257 sederent,
1805 4188 1809 4195 ·

311 4310 364 4412 N
370 4351 425 4412 ec
450 4312 594 4437 levia,
622 4332 683 4410 ut
707 4330 912 4447 possent
936 4347 1029 4446 per
1053 4348 1272 4410 summas
1297 4308 1457 4410 labier
1482 4350 1622 4414 oras:

307 4483 377 4587 Et
400 4508 569 4585 tamen
595 4487 995 4622 interutrosque
1021 4485 1091 4582 ita
1116 4507 1248 4604 sunt,
1274 4506 1335 4585 ut
1359 4523 1569 4623 corpora
1594 4489 1705 4588 viva

305 4657 539 4778 Versent,
568 4682 618 4758 et
642 4681 810 4794 partes
835 4680 894 4756 ut
919 4657 1095 4756 mundi
1122 4659 1276 4758 totius
1303 4676 1517 4761 exstent.
1631 4710 1640 4725 ·

197 4954 215 4979 ι
309 4832 465 4954 Quod
490 4870 651 4972 genus
677 4834 730 4932 in
755 4830 900 4932 nobis
926 4831 1160 4969 quaedam
1188 4833 1306 4932 licet
1330 4833 1383 4930 in
1410 4834 1622 4933 statione

283 5007 543 5109 Membra
562 5045 779 5125 manere,
800 5029 1103 5106 tamencum
1124 5007 1223 5104 sint
1237 5043 1311 5124 ea,
1334 5044 1452 5144 quae
1478 5030 1790 5110 moveantur.

362 5183 473 5285 -His
497 5184 654 5323 igitur
677 5179 830 5282 rebus
854 5184 1098 5301 retractis,
1118 5202 1252 5280 terra
1277 5204 1503 5320 repente,
