4598 6112
452 519 553 624 2⁷66
791 534 850 621 T.
885 526 1348 620 [LUCRETII
1409 529 1624 624 CARI

455 789 644 892 Omnia
669 827 771 928 quo
798 813 946 927 pacto
970 790 1112 910 fiant,
1135 826 1353 930 quareve
1379 815 1629 914 creentur,

455 964 625 1085 Quom
653 963 782 1064 bene
806 965 1052 1102 cogndriS,
1080 944 1565 1068 elementisreddita
1590 1004 1707 1107 quae
1735 964 1873 1115 sint..

525 1137 681 1240 Nunc
707 1176 817 1277 age,
840 1175 957 1276 quae
982 1137 1109 1237 ratio
1134 1146 1286 1238 terrai
1312 1137 1533 1241 motibus
1557 1163 1736 1260 exstet,
1842 1196 1868 1217 ··

414 1448 423 1462 ἢ
455 1312 696 1450 Percipe:
737 1335 791 1412 et
815 1314 867 1412 in
891 1313 1067 1448 primis
1092 1333 1278 1412 terram
1299 1311 1378 1413 fac
1403 1337 1463 1414 ut
1488 1353 1593 1415 esse
1619 1313 1774 1414 rearis
1834 1302 1839 1310 ⁸

455 1488 645 1590 Subter
681 1491 819 1609 item,
858 1511 917 1588 ut
953 1525 1137 1625 supera
1174 1510 1265 1607 est,
1305 1488 1485 1607 ventiS,
1521 1511 1674 1626 atque
1718 1483 1950 1624 undique

594 1663 799 1800 plenam

319 1948 322 1954 Α
456 1846 740 1986 Speluncis,
769 1849 1057 1987 multosque
1082 1848 1222 1951 lacus
1248 1849 1536 1988 multasque
1562 1849 1767 1950 lacunas

456 2021 518 2123 In
544 2025 738 2159 gremio
763 2061 955 2161 gerere,
983 2046 1035 2122 et
1060 2025 1247 2160 rupeis,
1275 2023 1595 2162 deruptaque
1621 2060 1768 2123 saxa:

305 2289 310 2294 ,
376 2277 379 2287 «
456 2196 733 2338 Multaque
760 2196 855 2298 sub
880 2207 1203 2332 tergoterrai'
1229 2200 1442 2299 flumina
1467 2220 1599 2298 tecta

455 2371 672 2474 Volvere
697 2374 747 2474 vi
772 2375 973 2493 fluctus,
996 2370 1254 2473 submerso
1281 2375 1447 2511 capite
1472 2371 1760 2508 putandum
1786 2393 1861 2472 est
1876 2413 1890 2494 ;
1961 2415 1964 2423 ·
1995 2347 1999 2358 Ι

455 2544 703 2688 Undique
729 2552 863 2647 enim
891 2547 1102 2647 similem
1129 2585 1234 2648 esse
1260 2548 1356 2666 sui,
1384 2585 1463 2646 res
1489 2549 1712 2685 postulat
1735 2548 1860 2686 ipsa.

528 2720 624 2823 His
649 2724 807 2860 igitur
831 2720 982 2822 rebus
1008 2720 1305 2859 subjunctis
1337 2723 1742 2860 suppositisque:

453 2897 613 3000 Terra
638 2938 853 3038 superne
879 2901 1051 2999 tremit
1075 2896 1272 3035 magnis
1300 2933 1542 3034 concussa
1565 2899 1723 2996 ruinis

457 3072 661 3193 Subter,
688 3071 778 3173 ubi
804 3073 1053 3210 ingenteis
1079 3070 1345 3207 speluncas
1365 3045 1570 3170 subruit·
1585 3094 1737 3172 aetas:

459 3245 671 3385 Quippe
697 3247 889 3348 cadunt
911 3248 1005 3346 toti
1031 3265 1241 3361 monteS,
1269 3281 1561 3381 magnoque
1588 3269 1796 3383 repente

459 3419 739 3542 Concussu,
766 3422 866 3521 late
893 3420 1185 3556 disserpunt
1209 3418 1329 3517 inde
1356 3441 1627 3542 tremores3

432 3705 434 3709 y
456 3592 526 3695 Et
550 3596 745 3716 merito,
775 3598 1012 3736 qnoniam
1040 3593 1278 3731 planstris
1304 3631 1544 3693 concussa
1568 3595 1865 3697 tremiscunt

455 3766 503 3869 Τ
503 3792 613 3870 ecta
635 3771 766 3871 viam
791 3792 1002 3907 propter
1026 3806 1126 3869 non
1155 3806 1339 3905 magno
1364 3768 1589 3905 pondere
1614 3793 1748 3871 tota:

461 3943 576 4047 Nec
603 3947 771 4046 minus
795 3945 1068 4066 exsultant,
1089 3943 1180 4044 ubi
1206 3980 1384 4043 currus
1409 3941 1552 4042 fortis
1578 3947 1761 4082 equdm
1787 3948 1861 4047 vis

334 4235 336 4238 ¹
459 4119 691 4220 Ferratus
715 4121 958 4258 utrinque
983 4141 1207 4218 rotarum
1234 4117 1452 4217 succutit
1469 4115 1647 4219 orbeis.

507 4323 509 4327 ’
531 4294 613 4396 Fit
629 4274 852 4434 quoque,
869 4292 958 4392 ubi
974 4330 1181 4431 magnas
1200 4292 1252 4391 in
1266 4331 1421 4431 aquae
1442 4315 1706 4432 vastasque
1724 4295 1929 4396 lacunas

463 4468 628 4572 Gleba
651 4491 898 4571 vetustate
918 4507 951 4567 e
976 4491 1120 4567 terra·
1135 4468 1449 4603 provolvitur
1472 4468 1668 4603 ingens,

342 4704 345 4710 ·
458 4644 535 4749 Ut
552 4643 776 4783 jactetur
793 4679 952 4781 aqua,
979 4642 1030 4741 et
1054 4643 1215 4741 fluctu
1242 4615 1447 4778 qnoque
1472 4662 1606 4741 terra
1627 4641 1856 4749 vacillet:

459 4818 536 4923 Ut
558 4857 644 4920 vas
663 4820 721 4918 {in
746 4839 882 4916 terra
900 4855 1008 4916 non
1034 4817 1150 4955 quit
1171 4838 1416 4937 constare,
1445 4816 1540 4916 nisi
1565 4814 1749 4917 humor

462 4993 674 5105 Destitit
698 4996 750 5093 in
777 4991 934 5093 dubio
960 4991 1121 5130 fluctu
1140 4991 1378 5130 jactaricr
1400 4991 1553 5091 intus.

531 5165 799 5290 Praeterea,
824 5158 1006 5271 ventus
1033 5205 1188 5308 quom
1212 5203 1306 5306 per
1329 5165 1440 5267 loca
1464 5163 1680 5268 subcava
1703 5187 1853 5267 terrae
