4598 6112
396 498 514 621 ³260
743 525 803 613 r.
870 502 1301 612 Lucn‘urlr
1365 460 1577 614 usur

485 783 599 885 Hoc
623 805 700 884 est
723 781 926 921 igniferi
953 804 1187 881 naturam
1211 779 1438 882 fulminis
1463 781 1625 919 ipsam

413 959 723 1097 Perspieere‚
749 979 802 1056 et
826 994 931 1096 qua
954 960 1000 1059 vi
1027 957 1178 1058 faciat
1201 996 1308 1058 rem
1333 995 1592 1096 quamque
1615 956 1817 1058 videre:

412 1130 537 1235 Non
561 1130 830 1271 Tyrrhena
852 1154 989 1232 retro
1011 1132 1295 1232 volventem
1320 1132 1542 1232 carmina
1564 1130 1752 1239 frustra
1877 1126 1881 1130 Δ

413 1305 610 1408 Indicia
633 1304 846 1406 occultae
871 1304 1036 1406 divdm
1064 1307 1359 1442 perquirere
1383 1306 1584 1424 mentis,

412 1479 567 1584 Unde
593 1480 764 1583 volans
787 1477 921 1614 ignis
944 1481 1249 1614 pervenerit,
1275 1482 1439 1581 autin
1465 1502 1630 1580 utram
1656 1518 1709 1580 se

409 1652 636 1756 Verterit
659 1651 742 1752 bic
766 1673 980 1788 partem,
1007 1689 1112 1789 quo
1136 1677 1286 1791 pacto
1309 1692 1404 1792 per
1427 1654 1538 1755 loca
1561 1676 1705 1790 septa

411 1824 704 1946 Iusinobrit,
731 1847 783 1924 et
806 1822 925 1927 binc
951 1827 1240 1930 dominatus
1264 1852 1324 1929 ut
1349 1829 1684 1949 extuleritse,

410 1996 615 2119 Quidve
641 2038 822 2099 nocere
848 2020 1006 2138 queat
1028 1999 1094 2099 de
1117 2001 1245 2101 coelo
1270 2002 1496 2106 fulminis
1520 2010 1665 2107 ictus,

484 2176 640 2298 Quod
666 2177 705 2275 si
729 2173 940 2314 Jupiter
961 2197 1118 2313 atque
1141 2177 1224 2276 alii
1245 2178 1496 2317 fulgentia
1518 2179 1622 2279 divi

405 2352 650 2456 Terrifico
674 2354 916 2490 quatiunt
940 2352 1107 2450 sonitu
1134 2351 1354 2451 eoelestia
1377 2353 1585 2492 templa,

255 2659 257 2663 ,
407 2529 478 2633 Et
494 2531 693 2667 jaciunt
715 2529 893 2665 igneis,
920 2565 1025 2665 qno
1049 2530 1278 2667 quoique
1302 2551 1380 2629 est
1402 2566 1627 2668 cumque
1648 2531 1899 2668 voluptas,

408 2702 533 2823 Cur,
553 2700 745 2841 quibus
768 2703 1030 2801 incautum
1056 2700 1218 2800 scelus
1242 2701 1518 2802 aversabile
1540 2743 1763 2846 cumque
1785 2729 1880 2827 est,

405 2879 461 2984 N
464 2919 530 2981 ou
556 2879 765 2997 faciunt,
792 2878 878 2977 icti
903 2877 1131 2976 flammas
1156 2899 1214 2975 ut
1237 2875 1454 3014 fulguris
1477 2876 1653 2978 halent

405 3054 617 3158 Pectore
642 3051 858 3191 perfluo,
883 3049 1133 3149 documen
1160 3049 1458 3154 mortalibus
1482 3057 1628 3154 acre!

404 3229 476 3333 Et
500 3230 670 3368 potius
696 3226 851 3326 nullae
876 3222 971 3324 sibi
997 3224 1161 3360 turpis
1184 3226 1414 3325 conscius
1437 3228 1511 3326 rei

399 3404 640 3507 Volvitur
664 3402 718 3501 iu
743 3401 959 3500 flammis
985 3399 1237 3512 innoxius,
1260 3399 1421 3538 inque
1443 3404 1668 3539 peditur,

398 3575 631 3682 Turbine
656 3574 846 3674 coelesti
871 3570 1041 3675 subito
1063 3595 1337 3711 conreptos
1359 3598 1413 3674 et
1435 3579 1578 3716 iguil

472 3752 583 3856 Cur
606 3753 757 3852 etium
782 3751 893 3851 loca
916 3748 1022 3848 sola
1045 3769 1246 3886 petunt,
1271 3748 1562 3892 frustraque
1586 3754 1852 3859 laborant!

397 3930 482 4036 An
509 3966 603 4031 con
630 3922 837 4029 brachia
860 3923 1159 4042 suefaciunt,
1181 3924 1488 4065 firmantque
1512 3928 1756 4032 lacertos!

401 4102 464 4207 ln
492 4124 731 4238 terraque
759 4095 1039 4201 Patris‘cur
1062 4098 1222 4197 telum
1246 4101 1607 4238 perpetiuntur

402 4274 674 4382 Obtondil
710 4309 801 4373 cnr
824 4272 934 4415 ipse
958 4271 1094 4391 sinit,
1119 4309 1289 4411 neque
1311 4274 1478 4410 parcit
1497 4275 1551 4375 in
1578 4273 1799 4380 bosteisl

472 4451 732 4589 Denique,
757 4485 850 4548 eur
873 4485 1140 4587 nunquam
1164 4447 1291 4549 eoelo
1306 4448 1435 4585 jacit
1458 4447 1690 4587 undique
1712 4489 1846 4589 puro

397 4629 610 4769 Jupiter
634 4627 685 4726 iu
712 4645 873 4722 terras
896 4618 1108 4742 fulmen,
1135 4622 1433 4761 sonitusque
1456 4622 1754 4759 prolimditl

400 4807 485 4907 An
510 4803 661 4904 siurul
687 4838 745 4902 ac
768 4794 933 4899 nubes
956 4832 1256 4916 successere,
1283 4797 1392 4933 ipse
1414 4796 1470 4896 iu
1492 4834 1580 4897 eas
1599 4820 1712 4899 tum
1818 4904 1824 4913 ,

401 4976 698 5097 Descendit,
722 5010 886 5114 prope
909 4993 970 5073 ut
992 4969 1111 5073 binc
1134 4971 1224 5069 teli
1248 4970 1553 5072 determinet
1575 4973 1736 5077 ictus!

400 5151 461 5261 lo
489 5190 625 5256 mare
651 5189 756 5299 qua
779 5185 934 5291 porro
956 5147 1112 5250 mittit
1138 5146 1365 5253 ratione!
1401 5144 1531 5301 quid
1554 5147 1719 5256 undas
