4598 6112
686 569 1504 674 'urana‘'cruaarusr⁸
1736 573 1830 671 nu
1899 513 1908 533 ’

344 837 414 938 At
439 859 629 959 contra,
655 839 822 961 tenuis
849 838 1031 938 summi
1058 835 1351 960 membrana
1377 836 1556 935 coloris
1604 841 1610 850 ’
1661 866 1665 871 ·

345 1009 477 1113 Cum
496 1012 700 1150 jacitur,
728 1011 856 1112 nibil
881 1036 971 1134 est,
1000 1013 1139 1150 quod
1165 1050 1275 1111 eam
1302 1010 1591 1147 discerpere
1611 1013 1785 1149 possit,
1820 1044 1824 1053 '

343 1181 402 1285 In
431 1208 689 1325 promptu,
717 1189 959 1327 quoniam
985 1186 1137 1286 estin
1163 1183 1328 1322 prima
1352 1182 1520 1285 fronte
1545 1185 1724 1290 locata.
1867 1289 1873 1305 ,

343 1357 621 1482 Postremo,
641 1363 695 1461 in
710 1363 942 1501 speculiS,
970 1363 1022 1460 in
1050 1397 1200 1496 aqua,
1229 1357 1602 1498 splendoreque
1622 1361 1674 1460 in
1696 1363 1830 1462 omni

344 1531 681 1674 Quaecunque
707 1525 956 1674 apparent
981 1532 1125 1634 nobie
1150 1518 1430 1654 simulacra,
1458 1574 1661 1638 necesse
1687 1562 1778 1660 est,
1814 1582 1817 1587 ’

342 1705 777 1851 Quandoquidem
803 1691 949 1812 simili
980 1707 1145 1844 specie
1172 1726 1291 1804 sunt
1314 1708 1531 1843 praedita
1556 1714 1744 1834 rerum,

342 1876 465 1981 Esse
490 1882 543 1979 in
568 1875 874 2019 imaginibus
900 1882 1059 1982 missis
1086 1879 1355 1981 consistere
1381 1918 1585 1984 eorum:

339 2051 479 2156 Nam
504 2094 595 2157 cur
619 2058 707 2156 illa
732 2056 917 2157 cadant
940 2054 1118 2192 magis,
1145 2052 1211 2152 ab
1238 2051 1495 2192 rebusque
1522 2057 1762 2159 recedant
1784 2089 1802 2093 ”
1827 2097 1830 2100 ’

342 2225 585 2367 Corpora,
612 2264 691 2330 res
717 2231 893 2330 multae
920 2268 1037 2369 quae
1063 2229 1275 2328 mittunt
1300 2265 1508 2364 corpore
1534 2255 1726 2367 aperte,

341 2396 511 2518 Quam
538 2439 655 2541 quae
678 2403 852 2503 tenuia
877 2425 1013 2523 sunt,
1038 2401 1265 2502 hiscendi
1290 2413 1366 2500 est
1390 2402 1530 2501 nulla
1555 2427 1796 2541 potestas.

411 2571 545 2674 Sunt
568 2576 726 2712 igitur
749 2554 927 2677 tenues
951 2576 1245 2697 formarum,
1262 2576 1657 2716 consimilesque
1694 2586 1705 2631 ‘⁴

340 2744 557 2887 Effigiae,
585 2752 878 2891 singillatim
905 2789 1032 2890 quas
1057 2788 1265 2852 cernere
1286 2789 1435 2853 nemo

296 2954 300 2961 ·
342 2921 473 3023 Cum
499 2919 670 3062 possit,
691 2950 860 3030 tamen
887 2925 1100 3027 adsiduo
1119 2928 1402 3066 crebroque
1423 2932 1633 3068 repulsu

339 3096 579 3236 Rejectae,
607 3100 831 3228 reddunt
856 3099 1176 3238 speculorum
1202 3139 1266 3200 ex
1292 3140 1498 3241 aequore
1514 3107 1717 3210 ¹visum:
1825 3132 1839 3187 ἰ

340 3270 454 3374 Nec
480 3275 672 3374 ratione
698 3276 796 3375 alia
821 3276 1004 3375 servari
1029 3314 1179 3414 posse
1202 3277 1443 3378 videntur

334 3443 641 3585 Tantopere,
668 3471 727 3546 ut
751 3448 937 3548 similes
961 3449 1244 3551 reddantur
1269 3454 1495 3590 quoique
1519 3454 1719 3593 figurae.
1816 3550 1827 3569 ,

409 3621 705 3761 Nuncage,
734 3661 889 3762 quarn
915 3624 1056 3723 tenui
1083 3647 1266 3725 natura
1291 3646 1487 3726 constet
1511 3628 1698 3767 imago,

337 3798 551 3936 Percipe
567 3841 593 3923 ;7
619 3820 671 3898 et
694 3799 925 3935 inprimis
951 3799 1192 3936 quoniam
1219 3799 1497 3935 primordia
1520 3823 1722 3901 tantum

341 3971 476 4074 Sunt
500 3974 1070 4092 infra‘nostrossensus,
1096 3981 1351 4111 tantoque
1372 3975 1587 4095 minora,

339 4144 511 4266 Quam
537 4187 656 4288 quae
681 4147 904 4285 primum
931 4145 1066 4269 oculi
1091 4168 1317 4284 coeptant
1341 4185 1441 4246 non
1468 4184 1616 4284 posse
1642 4149 1793 4251 tucri.

408 4319 460 4423 N
465 4320 1829 4460 unctamenidquoqueuticonfirmcm,exordiarcrum
1877 4346 1880 4351 ’

338 4496 650 4602 Cunctorum
677 4495 832 4639 quam
858 4498 960 4596 sint
984 4493 1204 4617 subtilia,
1232 4491 1439 4633 percipe
1466 4497 1661 4633 paucis,

406 4671 633 4773 Primum
662 4673 900 4774 animalia
925 4674 1045 4775 sunt
1061 4673 1169 4809 jam
1194 4672 1382 4810 partim
1408 4670 1626 4792 tantula,
1649 4706 1839 4771 eornm·
1876 4702 1879 4710 ’

332 4845 506 4950 Tertia
529 4876 647 4987 pars
672 4850 814 4949 nulla
839 4871 899 4949 ut
922 4846 1080 4986 possit
1106 4849 1300 4947 ratione
1324 4844 1507 4945 videri..
1667 4987 1669 4993 Ι

334 5021 534 5125 Horum
562 5024 858 5124 intestinum
885 5021 1101 5162 quodvis
1122 5021 1272 5160 quale
1288 5058 1398 5120 esse
1413 5019 1699 5159 putandum
1717 5025 1824 5124 estl

334 5193 509 5319 Quid?
562 5197 727 5302 cordis
761 5195 947 5336 globus
996 5219 1086 5300 aut
1134 5187 1305 5302 oculil
1353 5196 1514 5340 quid?
1565 5195 1823 5300 membra?

473 5372 634 5513 quid?
671 5375 842 5475 artusl
911 5453 949 5501 a
