4598 6112
436 510 558 669 '178
783 528 1626 646 r.·tocnur11·cnsr

460 817 597 922 Hinc
626 816 726 916 illae
751 816 974 954 primurn
1002 811 1220 915 Veneris
1243 807 1527 909 dulcedinis
1544 808 1603 944 in
1630 843 1717 907 cor

462 990 684 1091 Stillavit
708 1002 872 1128 gutta,
901 1011 952 1088 et
978 986 1215 1088 successit
1238 981 1431 1084 fervida
1457 1021 1607 1083 cura:
1663 1009 1686 1033 ⁵
1755 1022 1780 1038 ’·

457 1162 508 1269 ,Ν
519 1204 598 1266 am
616 1165 654 1264 si
671 1161 814 1264 abest
830 1163 965 1301 quod
985 1199 1136 1281 ames
1157 1154 1343 1298 praesto
1359 1160 1623 1261 simulacra
1641 1177 1809 1260 tamen
1838 1183 1958 1262 suut

461 1337 621 1456 lltius,
651 1359 701 1436 et
729 1373 916 1435 nomen
943 1335 1092 1434 dulce
1118 1332 1413 1435 obversatur
1437 1335 1500 1436 ad
1529 1336 1709 1437 aureis.
1768 1357 1770 1361 ’

532 1510 635 1610 Sed
661 1508 882 1646 fugitare
910 1508 1055 1609 decet
1082 1508 1364 1630 simulacra,
1392 1532 1444 1610 et
1468 1508 1658 1647 pabula
1683 1513 1865 1611 amoris
1929 1620 1936 1632 ,

462 1687 761 1788 Absterrere
788 1684 899 1805 sibi,
927 1706 1083 1823 atque
1109 1684 1207 1784 alio
1233 1691 1523 1786 convertere
1549 1709 1800 1810 mentem3

460 1860 530 1964 Et
546 1863 716 2000 jacere
743 1860 1010 1963 humorem
1038 1861 1319 1962 conlectum
1347 1861 1398 1960 in
1427 1886 1640 1999 corpora
1665 1897 1923 1999 quaeque3

463 2033 578 2138 Nec
604 2037 821 2136 retinere
849 2036 1002 2136 semel
1030 2058 1326 2136 conversum
1353 2036 1504 2135 unius
1530 2070 1721 2156 amore,
1757 2072 1759 2077 ·
1792 2074 1795 2079 ·

464 2211 533 2314 Et
559 2234 755 2317 servare
782 2209 876 2311 sibi
902 2251 1094 2332 curam,
1122 2232 1426 2348 certumque¹
1447 2209 1691 2312 dolorem·

461 2384 623 2490 Ulcus
644 2387 780 2485 enim
806 2386 1029 2505 vivescit,
1057 2409 1110 2501 et
1134 2385 1453 2486 inveterascit
1477 2385 1675 2508 alendo,
1822 2414 1844 2433 ·’

464 2558 630 2698 Inque
657 2558 764 2658 dies
790 2559 958 2695 gliscit
982 2557 1140 2678 furor,
1168 2581 1324 2696 atque
1350 2597 1577 2659 aerumna
1602 2564 1864 2699 gravescit,

310 2724 316 2737 ⁸
465 2732 517 2834 Si
547 2772 647 2833 non
673 2733 836 2871 prima
863 2733 1004 2881 nqvis
1029 2729 1300 2832 conturbes
1323 2732 1529 2832 volnera
1556 2734 1733 2872 plagiS,

461 2907 848 3058 Volgivagaque
873 2924 1032 3046 vagus
1058 2905 1259 3007 Venere
1286 2926 1403 3003 ante
1429 2908 1651 3006 recentia
1675 2936 1836 3032 cures,

461 3089 569 3189 Aut
593 3088 691 3187 alio
718 3086 876 3223 possis
902 3084 1054 3185 animi
1084 3058 1353 3182 traducere
1380 3090 1567 3182 motus.
1608 3132 1611 3137 ·

534 3256 648 3361 Nec
679 3255 888 3358 Veneris
913 3255 1083 3357 fructu
1109 3276 1251 3354 caret
1274 3255 1317 3353 is
1343 3255 1433 3392 qui
1460 3256 1586 3355 vitat
1610 3290 1848 3376 amorem,

467 3433 578 3534 Sed
598 3433 767 3570 potius
794 3468 912 3569 quae
940 3419 1058 3528 suut
1081 3430 1188 3529 sine
1214 3467 1362 3566 poena
1386 3431 1649 3531 commoda
1668 3432 1852 3531 sumit:

466 3606 605 3723 Nam
633 3627 770 3706 certa
796 3626 849 3703 et
872 3622 1001 3741 pura
1026 3624 1103 3701 est
1127 3604 1261 3702 sanis
1287 3604 1592 3745 magis-inde
1609 3607 1844 3744 voluptas
1887 3726 1897 3743 .

468 3779 638 3902 Quam
665 3779 886 3898 miseris3
924 3778 1112 3877 ete'nir‘n
1137 3780 1374 3914 potiundi
1401 3802 1627 3917 tempore
1654 3783 1704 3880 in
1732 3784 1843 3919 ipso

467 3955 707 4057 Fluctuat
730 3953 935 4053 incertis
960 3949 1215 4058 erroribus
1241 3953 1392 4054 ardor
1416 3978 1707 4057 amantum:

469 4127 929 4266 Necconstatquid‘
940 4126 1163 4264 primurn
1178 4128 1338 4228 oeulis
1354 4127 1694 4268 manibusque
1709 4129 1959 4233 furantur.

470 4306 625 4430 Quod
652 4307 863 4444 petiere,
892 4307 1283 4440 premunt'arte,
1308 4302 1606 4443 faciuntque
1632 4304 1870 4404 dolorem*

469 4484 727 4624 Corporis,
755 4504 806 4582 et
831 4478 1280 4579 denteisinliduut
1304 4507 1439 4617 saepe
1464 4477 1681 4597 labellis,
1898 4454 1904 4463 ⁸

467 4662 764 4798 Osculaque
790 4654 1041 4794 adfigunt,
1069 4657 1192 4794 quia
1218 4695 1321 4756 non
1348 4677 1425 4755 est
1449 4691 1579 4792 pura
1602 4653 1865 4791 voluptas:

467 4839 538 4943 Et
562 4838 752 4939 stimuli
775 4831 1010 4952 subsunt,
1037 4832 1127 4970 qui
1154 4833 1401 4970 instigant
1423 4829 1612 4932 laedere
1638 4830 1879 4967 idipsum,

469 5012 850 5156 Quodcumque
876 5032 968 5130 est,
989 5007 1153 5109 rabies
1181 5009 1318 5110 unde
1344 5008 1445 5107 illae
1470 5006 1700 5142 germina
1725 5030 1962 5146 surgunt.

467 5188 570 5296 Sed
597 5188 773 5294 letiter
798 5228 973 5330 poenas
998 5187 1191 5328 frangit
1220 5183 1395 5288 Venus
1420 5183 1554 5283 inter
1578 5219 1818 5304 amorem,
