<?xml version="1.0" encoding="UTF-8"?>
<!DOCTYPE html PUBLIC "-//W3C//DTD XHTML 1.0 Transitional//EN"
    "http://www.w3.org/TR/xhtml1/DTD/xhtml1-transitional.dtd">
<html xmlns="http://www.w3.org/1999/xhtml" xml:lang="en" lang="en">
 <head>
  <title>
</title>
<meta http-equiv="Content-Type" content="text/html;charset=utf-8" />
  <meta name='ocr-system' content='tesseract 3.04.00' />
  <meta name='ocr-capabilities' content='ocr_page ocr_carea ocr_par ocr_line ocrx_word'/>
</head>
<body>
  <div class='ocr_page' id='page_1' title='image "./titilucretiicar05carugoog_0134.png"; bbox 0 0 4598 6112; ppageno 0'>
   <div class='ocr_carea' id='block_1_1' title="bbox 665 540 1837 644">
    <p class='ocr_par' dir='ltr' id='par_1_1' title="bbox 665 540 1837 644">
     <span class='ocr_line' id='line_1_1' title="bbox 665 540 1837 644; baseline -0.003 -4"><span class='ocrx_word' id='word_1_1' title='bbox 665 540 952 644; x_wconf 80' lang='lat' dir='ltr'><strong>LIBER</strong></span> <span class='ocrx_word' id='word_1_2' title='bbox 1014 545 1417 642; x_wconf 84' lang='lat' dir='ltr'><strong>TERTIUS·</strong></span> <span class='ocrx_word' id='word_1_3' title='bbox 1739 542 1837 638; x_wconf 65' lang='lat'>125</span> 
     </span>
    </p>
   </div>
   <div class='ocr_carea' id='block_1_2' title="bbox 209 808 1856 5143">
    <p class='ocr_par' dir='ltr' id='par_1_2' title="bbox 209 808 1856 2168">
     <span class='ocr_line' id='line_1_2' title="bbox 209 808 1561 947; baseline -0.004 -36"><span class='ocrx_word' id='word_1_4' title='bbox 209 926 214 935; x_wconf 27' lang='lat'><strong>¹</strong></span> <span class='ocrx_word' id='word_1_5' title='bbox 353 809 463 911; x_wconf 82' lang='lat' dir='ltr'>Ant</span> <span class='ocrx_word' id='word_1_6' title='bbox 485 810 600 911; x_wconf 89' lang='lat' dir='ltr'>ideo</span> <span class='ocrx_word' id='word_1_7' title='bbox 626 808 810 917; x_wconf 90' lang='lat' dir='ltr'>durare</span> <span class='ocrx_word' id='word_1_8' title='bbox 837 834 1037 911; x_wconf 85' lang='lat' dir='ltr'>aetatem</span> <span class='ocrx_word' id='word_1_9' title='bbox 1057 846 1202 947; x_wconf 87' lang='lat' dir='ltr'>posse</span> <span class='ocrx_word' id='word_1_10' title='bbox 1226 843 1561 945; x_wconf 88' lang='lat' dir='ltr'>peromnem,</span> 
     </span>
     <span class='ocr_line' id='line_1_3' title="bbox 355 983 1647 1124; baseline -0.002 -40"><span class='ocrx_word' id='word_1_11' title='bbox 355 983 630 1123; x_wconf 84' lang='lat' dir='ltr'>Plagarum</span> <span class='ocrx_word' id='word_1_12' title='bbox 654 986 778 1124; x_wconf 89' lang='lat' dir='ltr'>quia</span> <span class='ocrx_word' id='word_1_13' title='bbox 801 1008 921 1085; x_wconf 91' lang='lat' dir='ltr'>sunt</span> <span class='ocrx_word' id='word_1_14' title='bbox 944 986 1187 1122; x_wconf 84' lang='lat' dir='ltr'>expertia,</span> <span class='ocrx_word' id='word_1_15' title='bbox 1216 986 1346 1085; x_wconf 90' lang='lat' dir='ltr'>sicut</span> <span class='ocrx_word' id='word_1_16' title='bbox 1368 983 1517 1082; x_wconf 90' lang='lat' dir='ltr'>inane</span> <span class='ocrx_word' id='word_1_17' title='bbox 1542 1003 1647 1104; x_wconf 85' lang='lat' dir='ltr'>est3</span> 
     </span>
     <span class='ocr_line' id='line_1_4' title="bbox 356 1153 1856 1296; baseline 0.003 -39"><span class='ocrx_word' id='word_1_18' title='bbox 356 1153 510 1275; x_wconf 85' lang='lat' dir='ltr'>Quod</span> <span class='ocrx_word' id='word_1_19' title='bbox 536 1179 707 1258; x_wconf 90' lang='lat' dir='ltr'>manet</span> <span class='ocrx_word' id='word_1_20' title='bbox 723 1158 987 1278; x_wconf 89' lang='lat' dir='ltr'>intactum,</span> <span class='ocrx_word' id='word_1_21' title='bbox 1005 1195 1174 1296; x_wconf 89' lang='lat' dir='ltr'>neque</span> <span class='ocrx_word' id='word_1_22' title='bbox 1193 1157 1258 1258; x_wconf 88' lang='lat' dir='ltr'>ab</span> <span class='ocrx_word' id='word_1_23' title='bbox 1278 1159 1381 1261; x_wconf 90' lang='lat' dir='ltr'>ictu</span> <span class='ocrx_word' id='word_1_24' title='bbox 1401 1157 1635 1295; x_wconf 84' lang='lat' dir='ltr'>fungitur</span> <span class='ocrx_word' id='word_1_25' title='bbox 1652 1154 1814 1260; x_wconf 88' lang='lat' dir='ltr'>hilum</span> <span class='ocrx_word' id='word_1_26' title='bbox 1827 1198 1856 1287; x_wconf 67' lang='lat'>:⁸</span> 
     </span>
     <span class='ocr_line' id='line_1_5' title="bbox 353 1329 1545 1469; baseline 0.001 -40"><span class='ocrx_word' id='word_1_27' title='bbox 353 1329 462 1430; x_wconf 91' lang='lat' dir='ltr'>Aut</span> <span class='ocrx_word' id='word_1_28' title='bbox 485 1330 617 1452; x_wconf 87' lang='lat' dir='ltr'>ideo,</span> <span class='ocrx_word' id='word_1_29' title='bbox 645 1333 768 1469; x_wconf 89' lang='lat' dir='ltr'>quia</span> <span class='ocrx_word' id='word_1_30' title='bbox 792 1332 934 1432; x_wconf 89' lang='lat' dir='ltr'>nulla</span> <span class='ocrx_word' id='word_1_31' title='bbox 958 1331 1054 1430; x_wconf 89' lang='lat' dir='ltr'>loci</span> <span class='ocrx_word' id='word_1_32' title='bbox 1080 1332 1145 1430; x_wconf 87' lang='lat' dir='ltr'>sit</span> <span class='ocrx_word' id='word_1_33' title='bbox 1169 1331 1314 1466; x_wconf 87' lang='lat' dir='ltr'>copia</span> <span class='ocrx_word' id='word_1_34' title='bbox 1339 1332 1545 1449; x_wconf 88' lang='lat' dir='ltr'>circum,</span> 
     </span>
     <span class='ocr_line' id='line_1_6' title="bbox 358 1501 1624 1644; baseline -0.002 -40"><span class='ocrx_word' id='word_1_35' title='bbox 358 1501 478 1623; x_wconf 83' lang='lat' dir='ltr'>Quo</span> <span class='ocrx_word' id='word_1_36' title='bbox 505 1508 650 1644; x_wconf 86' lang='lat' dir='ltr'>quasi</span> <span class='ocrx_word' id='word_1_37' title='bbox 677 1545 755 1607; x_wconf 87' lang='lat' dir='ltr'>res</span> <span class='ocrx_word' id='word_1_38' title='bbox 779 1506 975 1644; x_wconf 80' lang='lat' dir='ltr'>possint</span> <span class='ocrx_word' id='word_1_39' title='bbox 999 1502 1256 1604; x_wconf 84' lang='lat' dir='ltr'>discedere</span> <span class='ocrx_word' id='word_1_40' title='bbox 1284 1502 1624 1642; x_wconf 86' lang='lat' dir='ltr'>dissolnique3</span> 
     </span>
     <span class='ocr_line' id='line_1_7' title="bbox 356 1679 1759 1816; baseline -0.002 -33"><span class='ocrx_word' id='word_1_41' title='bbox 356 1679 500 1783; x_wconf 82' lang='lat' dir='ltr'>Sicut</span> <span class='ocrx_word' id='word_1_42' title='bbox 524 1719 835 1786; x_wconf 86' lang='lat' dir='ltr'>summarum</span> <span class='ocrx_word' id='word_1_43' title='bbox 861 1717 1065 1813; x_wconf 51' lang='lat' dir='ltr'>‚summa</span> <span class='ocrx_word' id='word_1_44' title='bbox 1089 1702 1165 1780; x_wconf 91' lang='lat' dir='ltr'>est</span> <span class='ocrx_word' id='word_1_45' title='bbox 1188 1702 1394 1798; x_wconf 86' lang='lat' dir='ltr'>aeterna,</span> <span class='ocrx_word' id='word_1_46' title='bbox 1421 1714 1588 1816; x_wconf 90' lang='lat' dir='ltr'>neque</span> <span class='ocrx_word' id='word_1_47' title='bbox 1616 1700 1759 1780; x_wconf 84' lang='lat' dir='ltr'>extra</span> 
     </span>
     <span class='ocr_line' id='line_1_8' title="bbox 357 1826 1846 1994; baseline 0.001 -38"><span class='ocrx_word' id='word_1_48' title='bbox 357 1852 488 1974; x_wconf 82' lang='lat' dir='ltr'>Quis</span> <span class='ocrx_word' id='word_1_49' title='bbox 505 1856 736 1958; x_wconf 86' lang='lat' dir='ltr'>locusest</span> <span class='ocrx_word' id='word_1_50' title='bbox 751 1893 855 1994; x_wconf 88' lang='lat' dir='ltr'>quo</span> <span class='ocrx_word' id='word_1_51' title='bbox 870 1826 1137 1992; x_wconf 85' lang='lat' dir='ltr'>diffugiat3</span> <span class='ocrx_word' id='word_1_52' title='bbox 1164 1894 1333 1994; x_wconf 90' lang='lat' dir='ltr'>neque</span> <span class='ocrx_word' id='word_1_53' title='bbox 1353 1892 1565 1992; x_wconf 87' lang='lat' dir='ltr'>corpora</span> <span class='ocrx_word' id='word_1_54' title='bbox 1582 1877 1702 1956; x_wconf 89' lang='lat' dir='ltr'>sunt</span> <span class='ocrx_word' id='word_1_55' title='bbox 1726 1894 1846 1994; x_wconf 87' lang='lat' dir='ltr'>quae</span> 
     </span>
     <span class='ocr_line' id='line_1_9' title="bbox 360 2024 1598 2168; baseline 0.002 -41"><span class='ocrx_word' id='word_1_56' title='bbox 360 2024 567 2129; x_wconf 83' lang='lat' dir='ltr'>Possint</span> <span class='ocrx_word' id='word_1_57' title='bbox 577 2029 825 2150; x_wconf 89' lang='lat' dir='ltr'>incidere,</span> <span class='ocrx_word' id='word_1_58' title='bbox 852 2050 905 2128; x_wconf 89' lang='lat' dir='ltr'>et</span> <span class='ocrx_word' id='word_1_59' title='bbox 927 2028 1096 2128; x_wconf 85' lang='lat' dir='ltr'>valida</span> <span class='ocrx_word' id='word_1_60' title='bbox 1120 2029 1390 2130; x_wconf 85' lang='lat' dir='ltr'>dissolvere</span> <span class='ocrx_word' id='word_1_61' title='bbox 1415 2028 1598 2168; x_wconf 82' lang='lat' dir='ltr'>plaga:</span> 
     </span>
    </p>

    <p class='ocr_par' dir='ltr' id='par_1_3' title="bbox 292 2202 1848 3025">
     <span class='ocr_line' id='line_1_10' title="bbox 292 2202 1723 2345; baseline 0 -39"><span class='ocrx_word' id='word_1_62' title='bbox 292 2328 299 2341; x_wconf 30' lang='grc' dir='ltr'>Ι</span> <span class='ocrx_word' id='word_1_63' title='bbox 355 2206 428 2306; x_wconf 88' lang='lat' dir='ltr'>At</span> <span class='ocrx_word' id='word_1_64' title='bbox 451 2245 620 2345; x_wconf 87' lang='lat' dir='ltr'>neque</span> <span class='ocrx_word' id='word_1_65' title='bbox 647 2206 751 2342; x_wconf 88' lang='lat' dir='ltr'>(uti</span> <span class='ocrx_word' id='word_1_66' title='bbox 775 2202 956 2337; x_wconf 90' lang='lat' dir='ltr'>docui)</span> <span class='ocrx_word' id='word_1_67' title='bbox 983 2204 1142 2304; x_wconf 91' lang='lat' dir='ltr'>solido</span> <span class='ocrx_word' id='word_1_68' title='bbox 1167 2243 1281 2306; x_wconf 91' lang='lat' dir='ltr'>cum</span> <span class='ocrx_word' id='word_1_69' title='bbox 1307 2242 1515 2342; x_wconf 87' lang='lat' dir='ltr'>corpore</span> <span class='ocrx_word' id='word_1_70' title='bbox 1540 2207 1723 2306; x_wconf 90' lang='lat' dir='ltr'>mentis</span> 
     </span>
     <span class='ocr_line' id='line_1_11' title="bbox 357 2374 1807 2519; baseline 0.003 -39"><span class='ocrx_word' id='word_1_71' title='bbox 357 2374 563 2480; x_wconf 88' lang='lat' dir='ltr'>Natura</span> <span class='ocrx_word' id='word_1_72' title='bbox 588 2403 679 2500; x_wconf 88' lang='lat' dir='ltr'>est,</span> <span class='ocrx_word' id='word_1_73' title='bbox 706 2382 947 2519; x_wconf 87' lang='lat' dir='ltr'>quoniam</span> <span class='ocrx_word' id='word_1_74' title='bbox 972 2381 1245 2482; x_wconf 89' lang='lat' dir='ltr'>admistum</span> <span class='ocrx_word' id='word_1_75' title='bbox 1271 2402 1346 2480; x_wconf 90' lang='lat' dir='ltr'>est</span> <span class='ocrx_word' id='word_1_76' title='bbox 1370 2380 1423 2479; x_wconf 92' lang='lat' dir='ltr'>in</span> <span class='ocrx_word' id='word_1_77' title='bbox 1447 2377 1601 2481; x_wconf 86' lang='lat' dir='ltr'>rebus</span> <span class='ocrx_word' id='word_1_78' title='bbox 1626 2381 1807 2486; x_wconf 89' lang='lat' dir='ltr'>inane:</span> 
     </span>
     <span class='ocr_line' id='line_1_12' title="bbox 357 2550 1848 2693; baseline 0.001 -40"><span class='ocrx_word' id='word_1_79' title='bbox 357 2550 473 2653; x_wconf 90' lang='lat' dir='ltr'>Nec</span> <span class='ocrx_word' id='word_1_80' title='bbox 492 2576 661 2654; x_wconf 85' lang='lat' dir='ltr'>tamen</span> <span class='ocrx_word' id='word_1_81' title='bbox 676 2577 752 2655; x_wconf 90' lang='lat' dir='ltr'>est</span> <span class='ocrx_word' id='word_1_82' title='bbox 770 2577 829 2654; x_wconf 86' lang='lat' dir='ltr'>ut</span> <span class='ocrx_word' id='word_1_83' title='bbox 846 2556 1030 2656; x_wconf 80' lang='lat' dir='ltr'>inane:</span> <span class='ocrx_word' id='word_1_84' title='bbox 1048 2592 1215 2693; x_wconf 84' lang='lat' dir='ltr'>neque</span> <span class='ocrx_word' id='word_1_85' title='bbox 1232 2575 1400 2654; x_wconf 90' lang='lat' dir='ltr'>autem</span> <span class='ocrx_word' id='word_1_86' title='bbox 1418 2589 1628 2689; x_wconf 82' lang='lat' dir='ltr'>corpora</span> <span class='ocrx_word' id='word_1_87' title='bbox 1644 2552 1848 2677; x_wconf 82' lang='lat' dir='ltr'>desunt,</span> 
     </span>
     <span class='ocr_line' id='line_1_13' title="bbox 357 2708 1378 2866; baseline 0.001 -40"><span class='ocrx_word' id='word_1_88' title='bbox 357 2723 439 2826; x_wconf 87' lang='lat' dir='ltr'>Ex</span> <span class='ocrx_word' id='word_1_89' title='bbox 465 2720 664 2827; x_wconf 86' lang='lat' dir='ltr'>infinito</span> <span class='ocrx_word' id='word_1_90' title='bbox 682 2708 810 2866; x_wconf 37' lang='lat' dir='ltr'>&#39;quae</span> <span class='ocrx_word' id='word_1_91' title='bbox 833 2730 1029 2866; x_wconf 88' lang='lat' dir='ltr'>possint</span> <span class='ocrx_word' id='word_1_92' title='bbox 1053 2728 1182 2828; x_wconf 85' lang='lat' dir='ltr'>forte</span> <span class='ocrx_word' id='word_1_93' title='bbox 1208 2749 1378 2829; x_wconf 84' lang='lat' dir='ltr'>coorta</span> 
     </span>
     <span class='ocr_line' id='line_1_14' title="bbox 358 2896 1670 3025; baseline 0.004 -26"><span class='ocrx_word' id='word_1_94' title='bbox 358 2896 607 3000; x_wconf 81' lang='lat' dir='ltr'>Proruere</span> <span class='ocrx_word' id='word_1_95' title='bbox 632 2899 763 3002; x_wconf 89' lang='lat' dir='ltr'>hanc</span> <span class='ocrx_word' id='word_1_96' title='bbox 788 2905 973 3004; x_wconf 88' lang='lat' dir='ltr'>mentis</span> <span class='ocrx_word' id='word_1_97' title='bbox 999 2903 1216 3004; x_wconf 88' lang='lat' dir='ltr'>violento</span> <span class='ocrx_word' id='word_1_98' title='bbox 1235 2900 1440 3002; x_wconf 74' lang='lat' dir='ltr'>turbine</span> <span class='ocrx_word' id='word_1_99' title='bbox 1465 2905 1670 3025; x_wconf 87' lang='lat' dir='ltr'>molem,</span> 
     </span>
    </p>

    <p class='ocr_par' dir='ltr' id='par_1_4' title="bbox 356 3073 1645 3563">
     <span class='ocr_line' id='line_1_15' title="bbox 356 3073 1645 3216; baseline 0.003 -41"><span class='ocrx_word' id='word_1_100' title='bbox 356 3073 468 3176; x_wconf 85' lang='lat' dir='ltr'>Aut</span> <span class='ocrx_word' id='word_1_101' title='bbox 491 3076 639 3176; x_wconf 88' lang='lat' dir='ltr'>aliam</span> <span class='ocrx_word' id='word_1_102' title='bbox 667 3077 896 3216; x_wconf 85' lang='lat' dir='ltr'>quamvis</span> <span class='ocrx_word' id='word_1_103' title='bbox 921 3073 1116 3175; x_wconf 85' lang='lat' dir='ltr'>cladem</span> <span class='ocrx_word' id='word_1_104' title='bbox 1142 3076 1414 3211; x_wconf 84' lang='lat' dir='ltr'>importare</span> <span class='ocrx_word' id='word_1_105' title='bbox 1439 3079 1645 3213; x_wconf 90' lang='lat' dir='ltr'>pericli:</span> 
     </span>
     <span class='ocr_line' id='line_1_16' title="bbox 361 3246 1620 3388; baseline 0.003 -38"><span class='ocrx_word' id='word_1_106' title='bbox 361 3246 476 3350; x_wconf 91' lang='lat' dir='ltr'>Nec</span> <span class='ocrx_word' id='word_1_107' title='bbox 501 3287 654 3386; x_wconf 88' lang='lat' dir='ltr'>porro</span> <span class='ocrx_word' id='word_1_108' title='bbox 679 3273 862 3351; x_wconf 86' lang='lat' dir='ltr'>natura</span> <span class='ocrx_word' id='word_1_109' title='bbox 885 3248 999 3371; x_wconf 89' lang='lat' dir='ltr'>loci,</span> <span class='ocrx_word' id='word_1_110' title='bbox 1025 3251 1361 3388; x_wconf 83' lang='lat' dir='ltr'>spatiumque.</span> <span class='ocrx_word' id='word_1_111' title='bbox 1374 3252 1620 3388; x_wconf 88' lang='lat' dir='ltr'>profundi</span> 
     </span>
     <span class='ocr_line' id='line_1_17' title="bbox 359 3419 1467 3563; baseline 0 -38"><span class='ocrx_word' id='word_1_112' title='bbox 359 3419 566 3544; x_wconf 89' lang='lat' dir='ltr'>Deficit,</span> <span class='ocrx_word' id='word_1_113' title='bbox 594 3425 830 3562; x_wconf 85' lang='lat' dir='ltr'>exspergi</span> <span class='ocrx_word' id='word_1_114' title='bbox 856 3462 960 3563; x_wconf 90' lang='lat' dir='ltr'>quo</span> <span class='ocrx_word' id='word_1_115' title='bbox 984 3427 1143 3562; x_wconf 88' lang='lat' dir='ltr'>possit</span> <span class='ocrx_word' id='word_1_116' title='bbox 1165 3426 1240 3525; x_wconf 86' lang='lat' dir='ltr'>vis</span> <span class='ocrx_word' id='word_1_117' title='bbox 1266 3425 1467 3544; x_wconf 87' lang='lat' dir='ltr'>animai,</span> 
     </span>
    </p>

    <p class='ocr_par' dir='ltr' id='par_1_5' title="bbox 358 3597 1448 3737">
     <span class='ocr_line' id='line_1_18' title="bbox 358 3597 1448 3737; baseline 0 -39"><span class='ocrx_word' id='word_1_118' title='bbox 358 3597 468 3698; x_wconf 90' lang='lat' dir='ltr'>Aut</span> <span class='ocrx_word' id='word_1_119' title='bbox 493 3598 591 3698; x_wconf 86' lang='lat' dir='ltr'>alia</span> <span class='ocrx_word' id='word_1_120' title='bbox 616 3601 793 3736; x_wconf 88' lang='lat' dir='ltr'>quavis</span> <span class='ocrx_word' id='word_1_121' title='bbox 818 3600 977 3736; x_wconf 87' lang='lat' dir='ltr'>possit</span> <span class='ocrx_word' id='word_1_122' title='bbox 989 3598 1048 3700; x_wconf 73' lang='lat' dir='ltr'>&#39;vi</span> <span class='ocrx_word' id='word_1_123' title='bbox 1074 3598 1221 3737; x_wconf 89' lang='lat' dir='ltr'>pulsa</span> <span class='ocrx_word' id='word_1_124' title='bbox 1235 3598 1448 3733; x_wconf 83' lang='lat' dir='ltr'>perire:</span> 
     </span>
    </p>

    <p class='ocr_par' dir='ltr' id='par_1_6' title="bbox 360 3771 1603 3913">
     <span class='ocr_line' id='line_1_19' title="bbox 360 3771 1603 3913; baseline 0.001 -40"><span class='ocrx_word' id='word_1_125' title='bbox 360 3771 517 3873; x_wconf 85' lang='lat' dir='ltr'>Haud</span> <span class='ocrx_word' id='word_1_126' title='bbox 545 3773 703 3911; x_wconf 80' lang='lat' dir='ltr'>igitur</span> <span class='ocrx_word' id='word_1_127' title='bbox 727 3772 852 3874; x_wconf 90' lang='lat' dir='ltr'>lethi</span> <span class='ocrx_word' id='word_1_128' title='bbox 876 3775 1128 3913; x_wconf 86' lang='lat' dir='ltr'>praeclusa</span> <span class='ocrx_word' id='word_1_129' title='bbox 1152 3795 1228 3872; x_wconf 91' lang='lat' dir='ltr'>est</span> <span class='ocrx_word' id='word_1_130' title='bbox 1243 3771 1405 3909; x_wconf 85' lang='lat' dir='ltr'>janua</span> <span class='ocrx_word' id='word_1_131' title='bbox 1429 3775 1603 3874; x_wconf 88' lang='lat' dir='ltr'>menti.</span> 
     </span>
    </p>

    <p class='ocr_par' dir='ltr' id='par_1_7' title="bbox 359 3942 1830 4611">
     <span class='ocr_line' id='line_1_20' title="bbox 431 3942 1830 4083; baseline 0.006 -37"><span class='ocrx_word' id='word_1_132' title='bbox 431 3942 587 4064; x_wconf 85' lang='lat' dir='ltr'>Quod</span> <span class='ocrx_word' id='word_1_133' title='bbox 614 3948 654 4047; x_wconf 89' lang='lat' dir='ltr'>si</span> <span class='ocrx_word' id='word_1_134' title='bbox 679 3947 807 4047; x_wconf 88' lang='lat' dir='ltr'>forte</span> <span class='ocrx_word' id='word_1_135' title='bbox 833 3948 948 4048; x_wconf 92' lang='lat' dir='ltr'>ideo</span> <span class='ocrx_word' id='word_1_136' title='bbox 973 3949 1134 4083; x_wconf 88' lang='lat' dir='ltr'>magis</span> <span class='ocrx_word' id='word_1_137' title='bbox 1158 3946 1453 4046; x_wconf 88' lang='lat' dir='ltr'>immortalis</span> <span class='ocrx_word' id='word_1_138' title='bbox 1479 3945 1715 4050; x_wconf 86' lang='lat' dir='ltr'>habenda</span> <span class='ocrx_word' id='word_1_139' title='bbox 1738 3976 1830 4075; x_wconf 90' lang='lat' dir='ltr'>est,</span> 
     </span>
     <span class='ocr_line' id='line_1_21' title="bbox 361 4114 1701 4256; baseline -0.001 -33"><span class='ocrx_word' id='word_1_140' title='bbox 361 4118 518 4241; x_wconf 84' lang='lat' dir='ltr'>Quod</span> <span class='ocrx_word' id='word_1_141' title='bbox 541 4120 817 4223; x_wconf 84' lang='lat' dir='ltr'>lethalibus</span> <span class='ocrx_word' id='word_1_142' title='bbox 844 4123 907 4223; x_wconf 92' lang='lat' dir='ltr'>ab</span> <span class='ocrx_word' id='word_1_143' title='bbox 932 4122 1084 4224; x_wconf 89' lang='lat' dir='ltr'>rebus</span> <span class='ocrx_word' id='word_1_144' title='bbox 1111 4114 1306 4219; x_wconf 84' lang='lat' dir='ltr'>munita</span> <span class='ocrx_word' id='word_1_145' title='bbox 1329 4140 1562 4244; x_wconf 87' lang='lat' dir='ltr'>tenetur;</span> <span class='ocrx_word' id='word_1_146' title='bbox 1698 4238 1701 4256; x_wconf 29' lang='lat'>⁸</span> 
     </span>
     <span class='ocr_line' id='line_1_22' title="bbox 359 4295 1793 4434; baseline 0 -38"><span class='ocrx_word' id='word_1_147' title='bbox 359 4295 468 4396; x_wconf 92' lang='lat' dir='ltr'>Aut</span> <span class='ocrx_word' id='word_1_148' title='bbox 493 4298 741 4434; x_wconf 85' lang='lat' dir='ltr'>quianon</span> <span class='ocrx_word' id='word_1_149' title='bbox 767 4299 979 4399; x_wconf 87' lang='lat' dir='ltr'>veniunt</span> <span class='ocrx_word' id='word_1_150' title='bbox 1002 4298 1208 4397; x_wconf 92' lang='lat' dir='ltr'>omnino</span> <span class='ocrx_word' id='word_1_151' title='bbox 1233 4295 1396 4393; x_wconf 90' lang='lat' dir='ltr'>aliena</span> <span class='ocrx_word' id='word_1_152' title='bbox 1422 4296 1625 4421; x_wconf 85' lang='lat' dir='ltr'>salutis3</span> <span class='ocrx_word' id='word_1_153' title='bbox 1792 4393 1793 4396; x_wconf 5' lang='grc' dir='ltr'>γ</span> 
     </span>
     <span class='ocr_line' id='line_1_23' title="bbox 359 4469 1697 4611; baseline 0 -39"><span class='ocrx_word' id='word_1_154' title='bbox 359 4470 469 4572; x_wconf 86' lang='lat' dir='ltr'>Aut</span> <span class='ocrx_word' id='word_1_155' title='bbox 493 4473 616 4611; x_wconf 88' lang='lat' dir='ltr'>quia</span> <span class='ocrx_word' id='word_1_156' title='bbox 640 4511 759 4611; x_wconf 87' lang='lat' dir='ltr'>quae</span> <span class='ocrx_word' id='word_1_157' title='bbox 782 4473 1008 4591; x_wconf 88' lang='lat' dir='ltr'>veniunt,</span> <span class='ocrx_word' id='word_1_158' title='bbox 1034 4473 1208 4611; x_wconf 85' lang='lat' dir='ltr'>aliqua</span> <span class='ocrx_word' id='word_1_159' title='bbox 1230 4471 1430 4572; x_wconf 89' lang='lat' dir='ltr'>ratione</span> <span class='ocrx_word' id='word_1_160' title='bbox 1450 4469 1697 4572; x_wconf 88' lang='lat' dir='ltr'>recedunt</span> 
     </span>
    </p>

    <p class='ocr_par' dir='ltr' id='par_1_8' title="bbox 263 4643 1851 5143">
     <span class='ocr_line' id='line_1_24' title="bbox 263 4643 1829 4786; baseline 0.003 -39"><span class='ocrx_word' id='word_1_161' title='bbox 263 4714 268 4725; x_wconf 91' lang='lat'>·</span> <span class='ocrx_word' id='word_1_162' title='bbox 362 4643 518 4747; x_wconf 87' lang='lat' dir='ltr'>Pulsa</span> <span class='ocrx_word' id='word_1_163' title='bbox 540 4648 698 4783; x_wconf 89' lang='lat' dir='ltr'>prius,</span> <span class='ocrx_word' id='word_1_164' title='bbox 727 4685 899 4785; x_wconf 87' lang='lat' dir='ltr'>quam,</span> <span class='ocrx_word' id='word_1_165' title='bbox 928 4646 1054 4785; x_wconf 87' lang='lat' dir='ltr'>quid</span> <span class='ocrx_word' id='word_1_166' title='bbox 1080 4668 1313 4765; x_wconf 84' lang='lat' dir='ltr'>noceant,</span> <span class='ocrx_word' id='word_1_167' title='bbox 1338 4647 1522 4746; x_wconf 85' lang='lat' dir='ltr'>sentire</span> <span class='ocrx_word' id='word_1_168' title='bbox 1550 4684 1829 4786; x_wconf 73' lang='lat' dir='ltr'>queamust</span> 
     </span>
     <span class='ocr_line' id='line_1_25' title="bbox 364 4818 1546 4960; baseline 0.003 -38"><span class='ocrx_word' id='word_1_169' title='bbox 364 4818 568 4923; x_wconf 90' lang='lat' dir='ltr'>Scilicet</span> <span class='ocrx_word' id='word_1_170' title='bbox 591 4859 621 4920; x_wconf 89' lang='lat' dir='ltr'>a</span> <span class='ocrx_word' id='word_1_171' title='bbox 645 4853 763 4921; x_wconf 86' lang='lat' dir='ltr'>vera</span> <span class='ocrx_word' id='word_1_172' title='bbox 785 4821 937 4960; x_wconf 87' lang='lat' dir='ltr'>longe</span> <span class='ocrx_word' id='word_1_173' title='bbox 963 4821 1161 4920; x_wconf 84' lang='lat' dir='ltr'>ratione</span> <span class='ocrx_word' id='word_1_174' title='bbox 1182 4843 1429 4921; x_wconf 91' lang='lat' dir='ltr'>remotum</span> <span class='ocrx_word' id='word_1_175' title='bbox 1457 4847 1546 4926; x_wconf 87' lang='lat' dir='ltr'>est.</span> 
     </span>
     <span class='ocr_line' id='line_1_26' title="bbox 362 4991 1851 5143; baseline 0.005 -46"><span class='ocrx_word' id='word_1_176' title='bbox 362 4991 716 5103; x_wconf 72' lang='lat' dir='ltr'>Praeterenim</span> <span class='ocrx_word' id='word_1_177' title='bbox 742 5033 898 5138; x_wconf 89' lang='lat' dir='ltr'>quam</span> <span class='ocrx_word' id='word_1_178' title='bbox 924 4992 1065 5139; x_wconf 92' lang='lat' dir='ltr'>quod</span> <span class='ocrx_word' id='word_1_179' title='bbox 1089 4992 1278 5098; x_wconf 87' lang='lat' dir='ltr'>morbis</span> <span class='ocrx_word' id='word_1_180' title='bbox 1300 5018 1414 5098; x_wconf 88' lang='lat' dir='ltr'>tum</span> <span class='ocrx_word' id='word_1_181' title='bbox 1438 5001 1660 5138; x_wconf 86' lang='lat' dir='ltr'>corporis</span> <span class='ocrx_word' id='word_1_182' title='bbox 1686 5004 1851 5143; x_wconf 69' lang='lat' dir='ltr'>aegrst,</span> 
     </span>
    </p>
   </div>
   <div class='ocr_carea' id='block_1_3' title="bbox 0 0 2310 6112">
    <p class='ocr_par' dir='ltr' id='par_1_9' title="bbox 0 0 2310 6112">
     <span class='ocr_line' id='line_1_27' title="bbox 0 0 2310 6112; baseline 0 0"><span class='ocrx_word' id='word_1_183' title='bbox 0 0 2310 6112; x_wconf 95' lang='lat' dir='ltr'> </span> 
     </span>
    </p>
   </div>
  </div>
 </body>
</html>
