4598 6112
748 557 1048 650 ¹'LIBER
1108 560 1452 653 SEXTUS.
1789 557 1894 669 269<

398 818 670 939 Naturam,
700 857 803 957 quo
828 842 1001 920 tantus
1025 819 1135 920 fuat
1161 819 1404 922 decursus
1430 859 1694 959 aquarum,

398 992 588 1096 Omnia
614 1032 717 1132 quo
741 996 947 1095 veniant
971 1034 1036 1095 ex
1061 999 1197 1097 omni
1223 996 1443 1097 flumina
1458 1019 1633 1132 parte:

393 1167 544 1269 Adde
570 1206 722 1306 vagos
748 1166 970 1289 imbreis,
998 1192 1425 1309 tempestatesque
1450 1171 1723 1298 volenteis3

398 1342 587 1444 Omnia
607 1380 724 1482 quae
750 1342 905 1441 maria
924 1381 980 1445 ac
1006 1367 1164 1444 terras
1190 1367 1542 1483 sparguntque
1561 1344 1851 1488 rigantque.
1891 1398 1893 1403 ·

393 1518 545 1619 Adde
572 1555 687 1619 suos
712 1515 925 1618 fonteis:
965 1540 1134 1619 tamen
1162 1520 1226 1620 ad
1253 1522 1404 1620 maris
1428 1520 1601 1620 omnia
1624 1556 1870 1626 summam

398 1691 579 1794 Guttai'
603 1693 686 1793 vix
717 1693 873 1791 instar
897 1693 1049 1792 erunt
1072 1695 1222 1794 unius
1248 1689 1312 1795 ad
1337 1728 1555 1834 augmen
1576 1691 1590 1795 τ’

334 1903 339 1913 ’
399 1867 518 1989 Quo
544 1868 711 1966 miuus
737 1888 814 1966 est
838 1865 1039 1985 mirum,
1060 1851 1196 1968 mare
1218 1908 1319 1969 non
1340 1908 1608 2006 augescere
1629 1908 1887 2009 magnum.

466 2041 734 2159 Praeterea,
762 2077 998 2178 magnam
1023 2040 1097 2139 sol
1121 2065 1318 2177 partem
1345 2041 1566 2144 detrahit
1590 2067 1717 2144 aestu
1736 2085 1760 2146 εΙ
1888 2126 1891 2131 .

289 2246 299 2263 '
400 2221 610 2356 Quippe
636 2215 864 2317 videmus
889 2216 1022 2318 enim
1048 2218 1229 2317 vesteis
1254 2215 1464 2318 humore
1488 2218 1766 2320 madenteis

398 2397 665 2499 Exsiccare
692 2394 794 2493 suis
819 2391 971 2492 radiis
997 2390 1291 2493 ardentibus
1317 2394 1501 2501 solem:

396 2575 469 2675 At
492 2572 672 2709 pelage
700 2568 884 2688 multa,
902 2590 953 2667 et
977 2567 1079 2667 late
1105 2565 1358 2667 substrata
1383 2568 1627 2670 videmus.

319 2792 321 2796 ¹
398 2747 619 2850 Proinde
646 2735 1019 2882 licet-quamvis
1044 2780 1107 2843 ex
1134 2781 1238 2844 uno
1264 2781 1473 2883 quoque
1497 2746 1608 2847 loco
1629 2747 1708 2846 ¹sol
1756 2789 1759 2792 ’
1873 2820 1876 2827 .

401 2921 643 3070 Humoris
667 2955 874 3054 parvam
901 2913 1093 3028 delibet
1110 2913 1182 3015 ab
1209 2954 1415 3056 aequore
1442 2932 1668 3056 partem:

400 3098 633 3234 Largiter
657 3097 709 3194 iu
734 3114 876 3193 tanto
902 3077 1065 3227 spatio
1090 3113 1262 3194 tamen
1287 3090 1483 3193 auferet
1507 3095 1674 3196 undis.

465 3273 512 3373 T
513 3311 600 3373 um
625 3278 778 3407 porro
796 3266 933 3368 venti
959 3301 1196 3400 magnam
1222 3303 1428 3405 quoqne
1454 3271 1632 3371 tollere
1655 3257 1884 3409 partem
1956 3347 1960 3353 -

401 3447 643 3550 Humoris
668 3463 881 3582 possunt
907 3462 1161 3540 verrentes
1187 3477 1395 3579 aequora
1419 3444 1593 3579 ponti:

399 3623 519 3727 Una
545 3642 690 3722 nocte
715 3618 820 3717 vias
847 3616 1340 3754 quoniampersaepe
1365 3615 1596 3720 videmus

401 3797 604 3916 Siccari,
631 3793 899 3928 mollisque
925 3789 1020 3889 luti
1045 3826 1363 3890 concrescere
1390 3814 1596 3895 crustas,

471 3971 740 4088 Praeterea,
768 3965 914 4066 docui
943 3963 1160 4065 multum
1187 4001 1394 4105 quoque
1420 3967 1596 4067 tollere
1622 3967 1803 4070 nubeis

404 4147 686 4250 Humorem
711 4171 897 4277 magno
924 4163 1225 4279 conceptum
1252 4181 1316 4242 ex
1342 4176 1548 4280 aequore
1573 4135 1749 4283 ponti:

404 4321 474 4423 Et
497 4319 682 4459 passim
707 4337 813 4416 toto
838 4335 1087 4463 terrarum
1114 4351 1351 4453 spargere
1377 4317 1430 4415 iu
1454 4313 1593 4435 orbe,

405 4494 576 4616 Quom
599 4492 735 4630 pluit
759 4489 811 4588 in
839 4485 997 4605 terris
1025 4509 1077 4587 et
1101 4489 1239 4588 venti
1264 4486 1443 4590 nubila
1465 4510 1688 4627 portant.

331 4668 335 4684 ’
474 4670 751 4785 Postremo,
781 4662 1021 4802 quoniam
1047 4703 1161 4765 raro
1187 4702 1303 4766 oum
1327 4701 1537 4802 corpore
1563 4664 1715 4764 tellus
1741 4697 1744 4703 ’
1818 4722 1826 4739 ··

405 4845 500 4949 Est
523 4866 576 4945 et
600 4841 869 4979 conjuncta
893 4860 984 4961 est,
1011 4878 1123 4939 oras
1147 4839 1297 4938 maris
1323 4837 1553 4975 undiquc
1578 4837 1814 4975 cingens:

406 5018 593 5140 Debet,
619 5018 755 5119 utin
781 5055 916 5118 mare
941 5016 1005 5117 de
1028 5013 1174 5114 terris
1199 5011 1337 5114 venit
1360 5010 1544 5111 humor
1559 5019 1754 5149 ‘aquai'

406 5193 469 5296 In
494 5217 652 5297 terras
677 5193 853 5296 itidem
879 5228 1083 5300 manare
1109 5228 1174 5290 ex
1199 5191 1403 5330 aequore
1429 5187 1586 5311 sals03
