4598 6112
416 480 515 580 144
736 484 794 573 T.
863 483 1298 577 LUCRETII
1364 484 1576 581 CARI

334 832 336 836 .
416 743 664 885 Liquisse,
691 768 742 845 et
767 783 975 884 magnas
999 745 1112 846 coeli
1137 744 1410 881 compldsse
1437 783 1701 848 cavernas:

290 1011 294 1018 .
412 919 591 1059 Usque
618 920 743 1021 adeo
768 942 899 1020 tetra
923 918 1213 1021 nimborum
1239 942 1384 1020 nocte
1410 944 1595 1044 coorta,

412 1093 719 1233 Impendent
740 1118 861 1195 atrae
886 1093 1168 1196 formidinis
1193 1131 1280 1204 ora
1305 1132 1552 1231 superne3
1684 1118 1690 1131 '

412 1267 647 1388 Quorum
674 1270 920 1408 quantula
944 1308 1060 1407 pars
1086 1271 1150 1368 sit
1176 1269 1357 1407 imago,
1384 1268 1550 1369 dicere
1577 1308 1727 1369 nemo
1755 1293 1831 1371 est

412 1441 518 1562 Qui
545 1444 717 1580 possit,
745 1481 914 1581 neque
941 1481 1051 1542 eam
1078 1445 1320 1545 rationem
1348 1444 1560 1547 reddere
1588 1446 1751 1550 dictis.

480 1619 638 1727 Nunc
664 1656 774 1757 age,
804 1655 959 1755 quarn
985 1617 1134 1717 celeri
1160 1641 1301 1718 motu
1328 1618 1593 1719 simulacra
1617 1618 1862 1743 ferantur,

409 1793 479 1895 Et
504 1834 620 1932 qnae
646 1791 897 1892 mobilitas
922 1791 1034 1891 ollis
1059 1791 1379 1929 tranantibus
1405 1832 1550 1894 auras

408 1968 631 2068 Reddita
657 1968 736 2086 sit,
764 1965 917 2101 longo
947 1988 1002 2064 ut
1027 1966 1189 2102 spatio
1210 1963 1380 2106 'brevis
1408 1965 1533 2067 hora
1557 1991 1768 2093 teratur,
1795 2080 1798 2087 ,

407 2143 469 2243 ln
497 2178 855 2282 quemcunque
880 2139 1048 2238 locum
1074 2137 1269 2238 diverso
1296 2140 1503 2238 numine
1529 2141 1766 2283 tendunt,

407 2316 691 2418 Suavidicis
715 2314 885 2452 potius
913 2349 1064 2451 quam
1091 2312 1264 2413 multis
1289 2311 1517 2415 versibus
1544 2298 1718 2418 edam:

405 2489 598 2594 Parvus
624 2512 682 2588 ut
706 2509 781 2586 est
806 2487 951 2624 cycni
979 2486 1154 2585 melior
1180 2524 1347 2607 canor,
1374 2488 1460 2589 ille
1485 2527 1673 2628 gruum
1701 2531 1855 2632 quam

407 2666 627 2785 Clamor,
655 2665 708 2762 in
734 2658 953 2761 aetheriis
974 2659 1229 2797 dispersus
1256 2658 1477 2761 nubibus
1503 2664 1675 2767 austri.

476 2838 753 2976 Principi0,
780 2872 1008 2972 persaepe
1035 2835 1186 2935 leveis
1205 2872 1300 2954 res,
1327 2857 1482 2974 atque
1508 2837 1715 2938 minutis

244 3050 251 3061 ·
406 3012 719 3154 Corporibus
744 3010 916 3130 factas,
945 3008 1153 3109 celereis
1177 3010 1300 3111 licet
1323 3048 1428 3111 esse
1454 3010 1642 3114 videre.

261 3232 270 3242 ·
403 3187 463 3287 lu
494 3226 596 3327 quo
614 3186 722 3324 jam
749 3221 934 3321 genere
960 3205 1036 3281 est
1060 3182 1176 3283 solis
1202 3184 1309 3305 lux,
1337 3207 1388 3283 et
1412 3223 1569 3322 vapor
1593 3185 1719 3323 ejus,

403 3361 680 3498 Propterea
708 3357 829 3497 quia
855 3377 972 3454 sunt
998 3393 1025 3453 e
1051 3355 1227 3493 primis
1253 3357 1385 3458 facta
1410 3358 1647 3482 minutis3

404 3536 538 3657 Quae
560 3534 704 3673 quasi
730 3530 1027 3649 truduntur,
1054 3567 1250 3668 perque
1277 3530 1405 3631 aeris
1430 3533 1780 3674 intervallum

403 3711 526 3813 Nou
547 3709 784 3811 dubitant
802 3707 1029 3825 transire,
1052 3708 1285 3844 sequenti
1313 3707 1507 3845 concita
1531 3709 1714 3848 plaga:

404 3886 775 4024 Suppeditatur
800 3880 934 3980 enim
962 3878 1223 3985 confestim
1248 3883 1446 3984 lumine
1471 3884 1672 4008 lumen,-

403 4059 472 4161 Et
498 4062 643 4198 qnasi
663 4057 859 4195 protelo
880 4054 1169 4157 stimulatur
1186 4058 1391 4196 fulgure
1417 4058 1628 4198 fulgur.-

402 4233 734 4373 Quapropter
760 4232 1022 4333 simulacra
1041 4235 1152 4370 pari
1177 4236 1370 4361 ratione
1396 4273 1598 4335 necesse
1625 4261 1700 4337 est

402 4405 808 4509 immemorabile
834 4443 927 4542 per
947 4411 1163 4544 spatium
1190 4434 1531 4512 transcurrere
1551 4451 1696 4550 posse

397 4580 662 4718 Temporis
689 4580 741 4679 in
761 4603 980 4717 puncto:
1021 4584 1242 4718 primum
1264 4585 1402 4723 quod
1424 4588 1630 4724 parvola
1654 4627 1804 4692 causa

407 4758 493 4858 Est
518 4756 743 4895 procula
767 4778 912 4895 tergo
939 4795 1058 4896 quae
1077 4760 1323 4897 provehat
1347 4787 1502 4904 atque
1528 4764 1811 4903 propellat:

400 4932 604 5032 Deinde
627 4933 765 5072 quod
794 4971 957 5071 usque
983 4933 1110 5034 adeo
1135 4957 1340 5038 textura
1364 4937 1583 5075 praedita
1607 4977 1719 5040 rara

400 5105 698 5229 Mittuntur,
727 5107 872 5209 facile
900 5133 957 5209 ut
983 5111 1186 5248 quasvis
1211 5134 1692 5254 penetrarequeant
1710 5154 1806 5237 res,
