4598 6112
466 508 534 601 so
807 501 867 590 a
934 498 1367 592 nucnurm
1434 501 1648 595 cunr

471 764 788 905 Expediam:
828 784 885 861 tu
911 783 962 861 te
989 756 1137 859 dietis
1161 759 1390 897 praebere
1415 785 1686 864 memento.

543 937 683 1041 Nam
710 957 843 1035 certe
868 972 969 1035 non
997 933 1131 1033 inter
1155 971 1207 1033 se
1233 935 1417 1072 stipata
1435 934 1662 1037 ‘cohaeret

471 1114 731 1233 Materies,
759 1112 997 1249 qnoniam
1026 1112 1187 1212 minui
1210 1150 1317 1213 rem
1343 1149 1602 1251 quamque
1628 1110 1873 1233 videmus,
1927 1248 1929 1252 V

471 1289 542 1393 Et
566 1288 711 1428 quasi
735 1285 1019 1424 longinquo
1045 1287 1205 1418 fluere
1230 1286 1400 1386 omnia
1424 1286 1675 1386 cernimus
1700 1324 1824 1408 aevo,

472 1461 555 1565 Ex
579 1461 841 1599 oculisque
867 1480 1167 1560 vetustatem
1193 1459 1476 1560 subducere
1501 1462 1712 1562 nostris:

474 1633 645 1756 Quom
674 1657 838 1734 tamen
859 1634 1125 1735 incolumis
1150 1634 1382 1735 videatur
1407 1673 1848 1758 summamanere,
1889 1764 1891 1769 ⁴
1934 1646 1937 1651 ⁴

470 1809 748 1951 Propterea
774 1812 912 1950 quia,
941 1848 1058 1948 quae
1085 1809 1341 1910 decedunt
1365 1847 1577 1948 corpora
1600 1849 1821 1951 cunque,

469 1985 623 2090 Unde
639 1984 846 2107 abeunt,
868 1987 1107 2087 minuunt
1114 2026 1128 2111 3
1147 2023 1249 2123 quo
1265 2023 1464 2106 venere,
1485 1988 1726 2125 augmine
1745 1987 1959 2090 donant:

471 2159 569 2262 Illa
593 2196 865 2280 senescere,
893 2182 946 2262 at
971 2159 1079 2263 haec
1105 2183 1280 2262 eontra
1304 2162 1566 2261 florescere
1592 2184 1812 2299 cogunt:

470 2336 586 2443 Nee
611 2359 931 2440 remorantur
955 2335 1042 2439 ibi.
1118 2334 1202 2437 Sic
1227 2373 1397 2437 rerum
1424 2373 1620 2439 summa
1644 2362 1860 2441 novatur

473 2513 701 2652 Semper,
728 2534 781 2612 et
804 2512 938 2612 inter
961 2549 1013 2612 se
1040 2511 1274 2612 mortales
1299 2533 1479 2611 mutua
1502 2511 1707 2639 vivunt3

471 2689 772 2826 Augesqunt
796 2684 908 2785 aliae
934 2707 1128 2823 gentes,
1155 2687 1266 2787 aliae
1291 2687 1593 2789 minuuntur
1610 2677 1633 2790 ει

448 2923 452 2931 1
474 2860 639 3002 Inque
664 2857 805 2961 brevi
831 2861 993 2998 spatio
1019 2884 1283 2964 mutantur
1307 2862 1454 2962 saecla
1479 2864 1810 2989 animantum,

473 3037 558 3158 Et,
575 3033 730 3174 'qnasi
754 3071 998 3156 cursores,
1024 3037 1144 3140 vital
1168 3038 1407 3179 lampada
1430 3039 1656 3143 tradunt.

544 3208 599 3309 Si
624 3244 816 3308 cessare
840 3229 991 3345 putas
1016 3249 1185 3313 rerum
1207 3213 1482 3352 primordia
1506 3251 1669 3352 posse,
1763 3263 1765 3266 ⁴

428 3417 433 3428 ·
477 3383 837 3522 Cessandoque
864 3422 1018 3484 novos
1047 3423 1213 3487 rerum
1238 3384 1543 3523 progignere
1568 3409 1764 3514 motus3

471 3557 631 3666 Avius
657 3599 690 3663 a
710 3598 830 3662 vera
853 3561 1006 3698 longe
1031 3562 1225 3661 ratione
1249 3562 1462 3700 vagaris.

474 3736 528 3844 N
531 3778 631 3862 am,
658 3737 899 3876 quoniam
919 3708 1013 3874 per
1025 3737 1176 3836 inane
1190 3759 1457 3875 vagantur,
1472 3760 1655 3840 cuncta
1673 3762 1873 3845 necesse
1888 3768 1966 3846 est

472 3913 582 4016 Aut
606 3913 852 4053 gravitate
879 3948 970 4010 sua
993 3909 1114 4010 ferri
1136 3909 1414 4047 primordia
1436 3949 1625 4036 rerum,

470 4086 581 4189 Aut
605 4089 710 4188 ictu
735 4086 865 4187 forte
890 4084 1128 4187 alterius:
1166 4123 1282 4186 nam
1308 4086 1408 4188 cita
1433 4126 1654 4227 superne

474 4260 642 4364 Obvia
669 4298 825 4401 quom
852 4260 1046 4382 fluxere,
1065 4261 1141 4382 fit,
1167 4283 1229 4362 ut
1253 4261 1449 4364 diversa
1467 4285 1678 4401 repente

448 4434 768 4539 Dissiliunt:
802 4473 977 4573 neque
1003 4433 1146 4534 enim'
1163 4434 1365 4556 mirum,
1393 4436 1659 4539 durissima
1684 4477 1802 4578 quae
1828 4441 1944 4562 sint,

472 4607 791 4713 Ponderibus
806 4606 1175 4746 solidis-neque
1190 4608 1678 4753 quidquamatergo
1694 4612 1808 4715 ibus
1822 4613 2005 4726 obstet.

541 4783 613 4893 Et
636 4824 740 4924 quo
757 4783 941 4923 jactari
966 4784 1127 4922 magis
1152 4785 1322 4886 omnia
1347 4786 1574 4888 materiai
1902 4794 1906 4812 ²

473 4957 701 5098 Corpora
724 4958 1004 5099 pervideas,
1031 4961 1349 5063 reminiscere
1374 4961 1530 5110 totius
1555 4964 1714 5066 imum

471 5133 566 5237 Nil
591 5172 698 5268 esse
722 5137 776 5237 in
795 5173 1023 5260 summa3
1059 5171 1228 5275 neque
1254 5132 1442 5237 habere
1461 5135 1552 5238 ubi
1572 5174 1782 5278 corpora
1799 5143 1966 5280 prima
