4598 6112
400 481 463 585 18
709 485 768 571 Τ.
831 471 1544 571 ·LUCRETII··CARI

398 741 535 847 Nam
561 783 665 884 quo
685 742 1043 882 squammigeri
1067 761 1314 878 poterunt
1330 736 1608 876 procedere
1625 733 1892 861 tandemjss

399 916 472 1020 Ni
490 919 709 1057 spatium
735 916 970 1018 dederint
992 915 1198 1015 latices?
1238 915 1512 1015 concedere
1538 951 1696 1052 porro
1863 938 1890 958 ²

263 1147 268 1166 ·
316 1196 318 1204 Α
399 1090 518 1214 Quo
541 1113 783 1231 poterunt
806 1089 975 1210 undae,
1003 1127 1116 1203 cum
1141 1087 1302 1224 pisces
1328 1089 1399 1187 ire
1423 1086 1749 1226 nequibunt?

330 1239 341 1270 Ι
398 1269 505 1368 Aut
523 1271 679 1406 igitur
697 1289 836 1369 motu
862 1263 1165 1403 privandum
1189 1285 1267 1361 est
1283 1300 1494 1400 corpora
1520 1300 1761 1401 quaeque,

398 1445 507 1574 Aut
530 1483 634 1544 esse
653 1443 923 1544 admistum
950 1438 1221 1541 dicendum
1247 1437 1493 1539 est-rebus
1519 1437 1696 1561 inane,

399 1615 554 1719 Unde
573 1618 774 1716 initium
799 1617 1017 1753 primum
1044 1613 1210 1748 capiat
1233 1650 1313 1712 res
1331 1651 1552 1753 quaeque
1577 1613 1831 1730 movendia

472 1791 731 1894 Postremo
757 1790 862 1890 duo
890 1789 953 1889 de
979 1825 1222 1890 concurso
1246 1825 1459 1926 corpora
1477 1788 1603 1888 lata-

404 1967 458 2069 Si
478 1970 575 2070 cita
601 1967 862 2086 dissiliant,
888 2000 1070 2100 nempe
1089 1966 1177 2062 adr
1193 1999 1341 2063 omne
1367 2000 1568 2064 necesse
1593 1985 1684 2083 est,

405 2138 546 2242 Inter
570 2177 784 2279 corpora
809 2136 953 2279 quod
970 2137 1127 2256 fuvat,
1152 2137 1376 2274 possidat
1402 2135 1576 2241 Inane.

323 2313 326 2322 ’
405 2313 643 2454 Isporro,
670 2315 898 2455 quamvis
923 2313 1111 2414 circum
1131 2311 1465 2413 celerantibus
1486 2314 1649 2414 auris

407 2487 661 2609 Confluat,
688 2489 826 2591 haud
844 2489 1032 2627 poterit
1048 2510 1223 2619 'tamon
1249 2524 1352 2586 uno
1371 2508 1598 2625 tempore
1626 2509 1798 2588 totum·

322 2756 326 2763 .
408 2660 668 2803 Compleri
685 2666 925 2802 spatium:
947 2697 1063 2784 narn
1079 2661 1301 2796 primum
1322 2698 1580 2799 quemque
1596 2698 1797 2762 necesse
1810 2654 1887 2762 est

408 2837 644 2978 Occupet
667 2839 752 2940 illc
776 2839 959 2957 locum,
989 2835 1172 2938 deinde
1191 2840 1360 2939 omnia
1376 2838 1716 2979 possidantur.
1774 2853 1776 2856 ’

478 3010 632 3134 Quod
659 3015 699 3114 si
725 3012 853 3113 forte
879 3013 1078 3152 aliquis,
1105 3051 1222 3116 cum
1247 3051 1458 3153 corpora
1483 3013 1760 3135 dissiluere,
1870 3062 1873 3066 ’

405 3184 540 3289 Tum
564 3208 714 3325 putat
735 3186 788 3284 id
816 3186 1090 3324 fieri,quia
1114 3225 1165 3286 se
1184 3190 1487 3296 condenseat
1505 3192 1606 3308 aer,

312 3460 314 3462 ,
409 3360 561 3463 Errat
569 3404 582 3487 ;
621 3398 739 3461 nam
756 3398 971 3474 vacuum
987 3384 1097 3461 tum
1115 3363 1191 3484 fit,
1219 3364 1355 3505 quod
1377 3401 1478 3463 non
1505 3362 1605 3462 fuit
1622 3383 1756 3483 ante,

410 3521 479 3623 Et
498 3525 725 3662 repletur
748 3526 869 3623 item
887 3563 1103 3627 vacuum
1129 3526 1264 3663 quod
1287 3527 1511 3628 constitit
1529 3548 1676 3649 ante;

410 3694 464 3799 N
467 3698 638 3827 ectali
663 3698 853 3798 ratione
879 3721 1044 3835 potest
1068 3698 1323 3800 denserier
1346 3704 1446 3820 adr,

411 3869 461 3972 N
469 3911 541 3994 ec,
569 3875 609 3973 si
627 3873 732 4010 jam
759 3895 942 4009 posset,
969 3876 1074 3995 sine
1102 3872 1247 3975 Inani
1273 3897 1457 4012 posset,
1485 3874 1698 4013 opinor,.

412 4045 477 4147 Se
503 4049 610 4185 ipse
635 4050 688 4147 in
715 4085 778 4146 se.
792 4046 1005 4167 trahere,
1033 4071 1084 4149 et
1107 4051 1293 4186 parteis
1318 4049 1599 4151 conducere
1616 4053 1677 4159 in
1703 4088 1886 4153 unum:
2004 4144 2007 4150 .

412 4218 767 4360 Quapropter,
781 4225 1008 4361 quamvis
1028 4226 1278 4329 causando
1296 4224 1457 4325 multa
1480 4225 1703 4344 moreris,

413 4394 536 4498 Esse
553 4397 608 4496 'in
633 4394 791 4497 rebus
811 4395 969 4497 lnane
993 4420 1161 4500 tamen
1187 4401 1373 4499 fateare
1398 4436 1599 4500 necesse
1624 4423 1717 4510 est.

481 4568 754 4711 Multaque
772 4597 1019 4712 praeterea
1042 4571 1136 4673 tibi
1160 4612 1365 4712 possum
1384 4573 1821 4687 commemorando

411 4741 744 4881 Argumenta,
770 4745 924 4847 fidem
951 4748 1096 4855 dictis
1121 4749 1393 4850 conradere
1417 4751 1629 4874 nostris3
1661 4841 1664 4848 .

411 4913 604 5018 Verum
629 4921 795 5021 animo
821 4923 937 5021 satis
963 4918 1073 5023 haec
1097 4923 1309 5059 vestigia
1331 4924 1678 5061 parva-sagaci

414 5089 562 5212 Sunt,
580 5128 674 5228 per
691 5132 807 5231 quae
831 5099 990 5233 possis
1014 5134 1313 5234 cognoscere
1338 5119 1519 5199 caetera
1543 5119 1681 5198 tute:
