4598 6112
398 518 500 619 ata
719 527 778 617 T.
846 525 1280 619 nocuum
1347 493 1589 620 cunr

469 795 601 916 Quae
628 797 723 898 nisi
748 799 944 937 respuis
970 838 1034 900 ex
1059 801 1243 922 enimc,
1269 799 1526 939 longeque
1551 801 1784 920 remittis,

400 969 515 1073 Diis
540 972 750 1111 indigna
773 974 1020 1110 putand0,
1047 974 1313 1114 alienaque
1339 976 1476 1111 pacis
1502 1012 1695 1096 eorum,

400 1143 643 1247 Delibata
667 1146 816 1247 debm
843 1186 936 1285 per
959 1172 1010 1250 tc
1037 1147 1131 1249 tibi
1155 1150 1366 1250 numina
1389 1171 1561 1249 sancta

362 1323 366 1327 ’
401 1319 549 1458 Saepe
575 1321 792 1423 aderunt
807 1364 821 1447 3
859 1360 961 1422 non
988 1320 1126 1461 quod
1156 1321 1330 1422 violari
1355 1359 1551 1422 summa
1576 1321 1728 1423 dedm
1752 1323 1827 1428 vis

400 1491 580 1618 Possit,
607 1519 664 1596 ut
689 1535 751 1596 ex
776 1497 852 1595 ira
875 1533 1047 1634 poenas
1072 1519 1246 1635 petere
1272 1495 1487 1597 imbibat
1511 1499 1668 1600 aereis
1687 1539 1704 1601 ι.

311 1772 315 1777 ,
400 1663 502 1766 Sed
530 1669 651 1806 quia
674 1691 782 1768 tute
808 1668 902 1769 tibi
928 1669 1128 1806 placida
1153 1707 1270 1771 cum
1295 1707 1419 1806 pace
1447 1662 1646 1810 quietos

298 1810 301 1815 ¹
402 1836 691 1943 Constitucs
716 1882 925 1982 magnos
950 1845 1138 1944 irarum
1162 1843 1360 1945 volvere
1385 1845 1607 1946 fluctus:
1646 1841 1649 1847 ’

401 2013 516 2117 Nec
543 2016 756 2157 delubra
782 2019 931 2119 debm
959 2020 1158 2156 placido
1185 2056 1299 2120 cum
1325 2042 1528 2157 pectore
1554 2019 1748 2124 adibis:

385 2188 530 2310 ⁸Nec,
558 2191 622 2292 de
648 2233 857 2332 corpore
886 2234 1002 2334 quae
1027 2218 1198 2297 sancto
1224 2194 1489 2295 simulacra
1512 2193 1766 2318 feruntur,

400 2363 464 2467 In
489 2370 700 2468 menteis
725 2366 988 2491 hominum
1015 2370 1199 2472 divinae
1224 2369 1404 2470 nuntia
1428 2369 1621 2491 formae,

402 2539 668 2679 Suscipere
684 2541 802 2655 baec
829 2546 979 2645 animi
1008 2546 1286 2683 tranquilla
1310 2583 1433 2683 pace
1459 2546 1679 2647 valebis:

400 2713 531 2817 [nde
555 2717 727 2818 videre
753 2719 885 2840 licet,
914 2719 1078 2857 qualis
1095 2718 1204 2855 jam
1228 2720 1332 2820 vita
1355 2742 1614 2859 sequatur.

402 2886 573 3010 Quam
600 2891 808 3030 quidem
838 2915 894 2992 ut
918 2931 947 2993 a
971 2890 1117 2997 nobis
1144 2895 1273 2994 ratio
1298 2895 1553 2995 verissima
1577 2896 1732 3035 longe

402 3065 636 3205 Rejiciat,
664 3105 972 3207 quamquam
1002 3091 1121 3168 sunt
1145 3105 1173 3167 a
1196 3106 1277 3169 me
1302 3069 1464 3169 multa
1487 3069 1704 3206 profata,

402 3238 575 3383 Multa
596 3265 766 3342 tamen
792 3236 995 3361 testant,
1024 3263 1075 3341 et
1099 3265 1220 3342 sunt
1243 3241 1470 3342 ornanda
1493 3245 1668 3379 politis

400 3417 661 3539 Versibus,
689 3440 740 3517 et
764 3418 890 3518 ratio
915 3416 1045 3536 coeli,
1072 3416 1368 3554 speciesque
1393 3417 1631 3521 tenenda.
1696 3463 1699 3470 ¹

403 3591 538 3697 Sunt
560 3614 901 3731 tempestates
924 3614 975 3691 et
999 3591 1215 3693 fulmina
1239 3592 1371 3692 clara
1397 3593 1640 3714 canenda,

404 3766 544 3890 Quid
572 3767 773 3887 faciant,
800 3789 852 3867 et
878 3804 982 3905 qua
1007 3765 1071 3866 de
1097 3802 1247 3865 causa
1271 3802 1494 3903 quaeque
1519 3763 1780 3869 ferantur:

345 3957 353 3969 '
404 3941 489 4045 Ne
514 3941 737 4080 trepides
762 3941 874 4043 coeli
901 3941 1070 4043 divisis
1094 3939 1326 4077 partibus
1352 3979 1540 4062 amens,

403 4116 557 4223 Unde
585 4119 754 4218 volans
779 4116 910 4254 ignis
935 4115 1238 4251 pervenerit,
1266 4115 1431 4216 autin
1458 4136 1625 4215 utram
1650 4153 1703 4215 se

301 4287 303 4291 ⁷
399 4291 626 4396 Verterit
649 4290 766 4392 hinc
792 4312 1019 4428 partern3
1057 4327 1160 4427 quo
1185 4316 1333 4429 pacto
1358 4330 1452 4429 per
1474 4292 1584 4392 loca
1608 4317 1753 4430 septa

403 4431 696 4584 Insinudrit,
717 4486 768 4562 et
792 4463 910 4564 hinc
937 4463 1224 4563 dominatus
1248 4488 1306 4564 ut
1331 4465 1573 4565 extulerit
1600 4504 1682 4566 se:

404 4643 642 4764 Quorum¹
662 4678 874 4777 operum
900 4677 1072 4740 causas
1097 4638 1238 4738 nulla
1262 4640 1454 4740 ratione
1480 4640 1649 4742 videre

403 4816 640 4939 Possunt,
667 4855 724 4917 ac
751 4815 862 4916 fieri
888 4814 1058 4917 divino
1082 4811 1290 4913 numine
1316 4837 1507 4916 rentur.

471 4991 553 5092 Tu
579 4966 701 5092 niibi
728 5030 978 5129 supremae
1001 4997 1298 5133 praescripta
1323 4997 1386 5096 ad
1413 4997 1630 5097 candida
1654 4999 1805 5099 calcis
1913 4966 1916 4971 Ι

406 5166 645 5271 Currenti
671 5168 890 5305 spatium
916 5192 1262 5306 praemonstra,
1290 5169 1472 5272 callida
1498 5168 1667 5293 Musa,
