4598 6112
804 537 1558 667 nrnnnournrns
1826 543 1926 633 215

428 798 629 939 Corpus
656 804 788 903 enim
817 804 935 904 licet
959 841 1065 902 esse
1092 801 1247 921 aliud,
1276 765 1413 940 quod
1441 800 1620 922 fertur,
1642 827 1693 904 et
1721 843 1820 906 una

427 974 643 1079 Labitur
667 978 967 1078 omnimodis
992 1014 1259 1089 occursans
1284 976 1629 1114 officiensque‚

344 1130 349 1139 ⁴
428 1149 540 1252 Nec
567 1155 704 1291 potis
730 1177 805 1254 est
830 1138 987 1272 cerat
1003 1112 1135 1291 quia
1160 1156 1353 1254 cassum
1379 1152 1572 1252 lumine
1591 1151 1768 1255 fertur.

424 1324 733 1468 Versarique
762 1352 943 1468 potest,
970 1326 1154 1466 globus
1183 1349 1253 1445 ut,
1281 1328 1321 1426 si
1348 1325 1495 1445 forte,
1524 1327 1647 1463 pilai

426 1500 655 1606 Dimidia
680 1545 745 1606 ex
771 1506 900 1643 parti
930 1502 1166 1604 candenti
1191 1483 1385 1600 lumine
1412 1501 1630 1623 tinctus3

425 1675 793 1819 Versandoque
819 1677 1030 1817 globum
1056 1676 1325 1781 varianteis
1350 1675 1500 1775 edere
1527 1675 1728 1798 formas,

425 1852 682 1955 Donicum
708 1893 816 1955 eam
843 1875 1060 1992 partem,
1087 1890 1413 1991 quaecunque
1432 1870 1510 1952 est
1526 1851 1732 1990 ignibus
1758 1875 1921 1975 aucta,

360 2112 364 2117 .
423 2026 507 2126 Ad
535 2030 751 2163 speciem
778 2027 929 2128 vertit
953 2023 1115 2147 nobis,
1145 2027 1422 2165 oculosque
1450 2027 1728 2163 patenteis':

426 2198 554 2299 Inde
582 2202 868 2306 minutatim
896 2222 1029 2299 retro
1056 2223 1376 2338 contorquet,
1403 2222 1455 2300 et
1479 2198 1645 2299 aufert

427 2371 712 2474 Luciferam
739 2397 936 2513 partem
962 2375 1338 2512 glomeraminis
1358 2398 1514 2512 atque
1540 2374 1693 2511 pilai:

332 2635 335 2639 ,
427 2546 500 2650 Ut
529 2548 842 2688 babylonica
869 2548 1165 2650 Chaldaeam
1192 2550 1423 2709 doctrina
1446 2553 1672 2652 refutans

424 2725 810 2864 Astrologorum
837 2748 996 2825 artem
1022 2749 1198 2827 contra
1221 2728 1516 2828 convincere
1535 2729 1730 2850 tendit3

426 2896 647 2998 Proinde
674 2899 820 3037 quasi
846 2898 956 2999 fieri
983 2922 1208 3038 nequeat
1234 2900 1371 3037 quod
1399 2904 1852 3042 pugnatumque,

425 3054 533 3175 dut
558 3076 724 3175 minus
750 3073 845 3174 hoc
871 3075 959 3174 illo
985 3075 1049 3174 sit
1075 3111 1166 3175 cur
1191 3074 1485 3209 amplectier
1511 3078 1657 3178 ausis,

496 3249 755 3390 Denique,
783 3289 874 3350 cur
899 3273 1122 3388 nequeat
1141 3287 1346 3386 semper
1372 3287 1500 3348 nova
1524 3250 1647 3350 luna
1664 3255 1827 3353 'creari
1899 3323 1902 3329 -

427 3421 625 3525 Ordine
650 3423 923 3525 formarum
952 3447 1088 3525 certo
1114 3423 1365 3560 certisque
1391 3423 1586 3560 liguris

425 3595 592 3736 Inque
619 3598 726 3697 dies
752 3599 919 3734 privos
946 3596 1230 3698 abolescere
1258 3630 1478 3735 quaeque
1505 3622 1686 3719 creata,

424 3775 599 3911 Atque
625 3771 723 3871 alia
748 3771 882 3871 illius
907 3771 1144 3908 reparari,
1157 3771 1209 3869 in
1236 3794 1380 3907 parte
1406 3773 1662 3910 locoque„

426 3945 652 4049 Difficile
675 3969 751 4046 est
776 3922 967 4046 ratione
994 3944 1194 4064 docere,
1222 3967 1274 4042 et
1291 3945 1490 4045 vincere
1517 3947 1697 4068 verbis,

426 4120 625 4223 Ordine
652 4159 808 4260 quom
829 4119 1000 4219 videas
1026 4141 1129 4217 tam
1157 4095 1483 4239 certo-multa
1509 4104 1703 4222 creari.-

259 4340 271 4357 ·
426 4295 476 4396 It
495 4293 615 4415 Ver,
643 4318 695 4395 et
715 4291 904 4412 Venus,
932 4317 982 4393 et
999 4291 1210 4393 Veneris
1235 4294 1556 4429 praenuntius
1582 4319 1698 4395 ante

425 4468 677 4573 Pinnatus
701 4468 935 4606 graditur
959 4464 1265 4608 Zephyrus3
1304 4468 1514 4606 vestigia
1542 4495 1751 4609 propter

425 4642 575 4745 Flora
601 4642 789 4782 quibus
815 4665 978 4743 mater
1002 4680 1352 4782 praespargens
1377 4666 1493 4743 ante
1520 4646 1617 4744 viai

425 4817 624 4919 Cuncta
650 4814 900 4917 coloribus
925 4819 1144 4954 egregiis
1169 4841 1221 4917 et
1237 4817 1484 4918 odoribus
1510 4792 1701 4955 opplet.

262 4985 264 4989 ’
422 4993 551 5095 lude
578 4992 676 5092 loci
704 4995 939 5131 sequitur
967 4990 1119 5093 Calor
1142 4960 1330 5111 aridus,
1351 5016 1403 5091 et
1428 5030 1593 5092 comes
1620 5031 1721 5092 una

429 5166 796 5270 Pulverulenta
823 5163 993 5286 Ceres,
1020 5189 1072 5266 et
1096 5165 1268 5268 Etesia
1292 5166 1455 5270 flabra
1476 5168 1812 5309 Aquilonum.
