4598 6112
479 486 578 588 166
804 497 863 585 Τ.
932 492 1363 587 LUCRETII
1429 492 1638 588 CARI

476 757 670 860 Partim
697 792 815 892 quae
837 753 987 852 variis
1013 749 1077 850 ab
1105 750 1257 850 rebus
1282 789 1506 891 cumque
1533 753 1797 875 recedunt,

478 908 548 1033 Et
574 964 691 1070 quae
718 929 1000 1030 consistunt
1024 965 1087 1025 ex
1113 924 1295 1025 horum
1321 925 1454 1026 lacta
1477 927 1670 1064 figuris.

479 1106 618 1208 Nam
645 1126 780 1206 certe
807 1140 869 1200 ex
896 1102 1008 1201 vivo
1038 1096 1281 1201 Centauri
1308 1139 1410 1200 non
1435 1101 1495 1200 fit
1520 1102 1717 1240 imag03

478 1278 642 1381 Nulla
666 1278 767 1377 fuit
792 1276 1031 1413 quoniam
1058 1273 1171 1371 talis
1197 1295 1380 1374 natura
1405 1276 1662 1376 animalis:

405 1528 408 1534 ·
475 1454 671 1587 Verum
697 1449 786 1549 ubi
811 1448 949 1585 equi,
978 1452 1131 1584 atque
1158 1444 1374 1546 hominis
1399 1486 1517 1547 casu
1536 1451 1772 1550 convenit
1789 1452 1973 1592 imago,

479 1627 732 1730 Haerescit
755 1623 901 1723 facile
927 1622 1200 1757 extemplO,
1221 1623 1362 1761 quod
1390 1623 1612 1724 diximus
1631 1646 1764 1746 ante,

476 1801 696 1940 Propter
723 1794 962 1898 subtilem
986 1818 1221 1895 naturam
1248 1821 1299 1898 et
1323 1799 1497 1898 tenuia
1521 1821 1676 1902 texta.

551 1973 750 2074 Caetera
776 1971 839 2070 de
865 2008 1050 2108 genere
1076 1969 1171 2071 hoc
1196 1971 1371 2071 eadem
1398 1974 1590 2073 ratione
1616 1995 1883 2097 creantur3

479 2146 612 2270 Quae
638 2187 754 2249 cum
779 2144 1035 2244 mobiliter
1060 2182 1254 2246 summa
1273 2147 1476 2247 levitate
1495 2140 1748 2271 feruntur,

476 2322 553 2426 Ut
575 2325 719 2460 prius
744 2319 960 2438 ostendi,
987 2318 1132 2417 facile
1158 2357 1260 2418 uno
1287 2345 1566 2422 commovet
1582 2323 1694 2423 'ictu

399 2573 403 2582 -
479 2494 744 2616 Quaelibet
769 2531 873 2594 una
897 2495 1119 2592 animum
1147 2491 1293 2594 nobis
1318 2492 1516 2595 subtilis
1543 2498 1739 2634 imago:

476 2669 670 2775 Tenuis
696 2670 829 2770 enim
856 2704 997 2767 meus
1023 2689 1114 2784 est,
1143 2688 1194 2764 ct
1218 2669 1343 2768 mire
1369 2669 1567 2769 mobilis
1587 2670 1710 2808 ipsa.

537 2844 666 2945 Haec
681 2843 789 2959 fieri
806 2843 893 2977 (ut
906 2840 1157 2974 memoro)
1173 2840 1320 2942 facile
1339 2841 1458 2943 hinc
1479 2881 1780 2982 cognoscere
1798 2847 1974 2982 possis,

478 3020 746 3145 Quatenus
770 3016 866 3118 hoe
893 3017 1052 3116 simile
1073 3038 1148 3115 est
1166 3017 1347 3138 'oculis
1369 3019 1510 3157 quod'
1535 3041 1703 3119 mente
1727 3020 1973 3141 videmus

440 3238 443 3243 ·
476 3199 651 3332 Atque
677 3193 834 3292 oculis
861 3192 1010 3289 simili
1037 3190 1146 3290 fieri
1172 3193 1364 3291 ratione
1390 3232 1591 3293 necesse
1617 3201 1721 3294 est:

479 3366 640 3469 Nunc
666 3367 824 3504 igitur
848 3366 1090 3505 quonium
1116 3363 1264 3465 docui
1292 3403 1371 3463 me
1397 3365 1527 3464 forte
1554 3365 1723 3464 leones

480 3540 700 3644 Cernere
724 3578 818 3677 per
842 3539 1106 3640 simulacra
1124 3539 1296 3640 oculos
1322 3576 1646 3678 quaecunque
1672 3541 1955 3666 lacessunt3

480 3716 619 3817 Scire
647 3717 764 3816 licet
790 3736 1008 3814 mentem
1038 3713 1189 3811 simili
1214 3714 1406 3812 ratione
1432 3714 1621 3813 moveri

480 3889 580 3990 Per
604 3876 869 3990 simulacra
893 3887 1100 3987 leonum
1126 3909 1324 4009 caetera,
1353 3927 1471 4028 quae
1497 3888 1636 3989 videt
1662 3927 1828 4028 aeque,

480 4063 594 4167 Neo
615 4066 797 4183 minus,
820 4086 974 4201 atque
993 4064 1143 4183 oculi,
1165 4064 1260 4163 nisi
1282 4064 1419 4202 quod
1440 4101 1586 4202 mage
1606 4067 1781 4165 tenuia
1798 4068 1974 4168 cernit.
2093 4160 2101 4173 .

551 4237 603 4340 N
608 4278 665 4339 ec
689 4238 883 4337 ratione
909 4237 1022 4357 alia,
1049 4275 1204 4377 quom
1232 4274 1435 4338 somnus
1461 4237 1688 4339 membra
1713 4239 1957 4375 profudit,

480 4411 633 4514 Mens
659 4413 812 4511 animi
836 4412 1030 4549 vigilat,
1057 4414 1154 4511 nisi
1182 4413 1320 4549 quod
1344 4414 1609 4513 simulacra
1633 4415 1886 4514 lacessunt
1975 4386 1979 4393 ἤ

480 4572 608 4690 Haeo
634 4585 812 4688 eadem
837 4607 1031 4685 nostros
1057 4587 1266 4706 animos,
1297 4624 1430 4726 quae,
1460 4626 1615 4726 quom
1639 4588 1937 4726 vigilamus3

484 4760 838 4902 Usque-adm,
865 4784 999 4861 certe
1024 4784 1087 4862 ut
1107 4761 1369 4895 videamur
1393 4774 1597 4863 cernere
1623 4802 1757 4886 eum,
1785 4800 1945 4905 quem

479 4937 702 5072 Reddite
726 4938 827 5039 vita
845 4939 950 5076 jam
979 4976 1113 5038 mors
1140 4959 1190 5037 et
1214 4961 1350 5037 terra
1367 4939 1530 5075 potita
1549 4960 1639 5039 est.

480 5112 596 5216 Hoc
622 5114 736 5212 ideo
761 5114 872 5215 fieri
899 5115 1036 5252 cogit
1060 5136 1258 5237 natura,
1287 5112 1430 5253 quod
1456 5150 1630 5213 omnes
