4598 6112
776 508 1063 675 mauu
1116 581 1539 677 colurus„
1807 585 1912 679 aas·

243 846 246 853 ‘
416 841 484 943 Et
507 845 644 944 varia
669 879 916 942 annorum
943 839 1218 942 cernebant
1242 862 1473 975 tempora
1497 841 1654 963 verti3

416 1014 468 1116 N
473 1054 528 1116 ec
553 1039 789 1152 poterant
814 1015 1001 1154 quibus
1027 1015 1080 1115 id
1106 1016 1249 1115 fieret
1273 1028 1572 1150 cognoscere
1599 1016 1793 1118 causis:

417 1187 555 1326 Ergo
580 1189 875 1327 perfugium
900 1188 995 1291 sibi
1020 1189 1279 1289 habebant
1302 1186 1472 1295 omnia
1497 1186 1624 1287 divis

412 1359 653 1483 Tradere,
681 1386 732 1462 et
755 1363 958 1462 illorum
983 1386 1112 1464 nutu
1138 1363 1302 1463 facere
1328 1361 1497 1460 omnia
1521 1361 1674 1462 flecti.

485 1534 543 1634 In
573 1538 800 1674 coeloque
826 1536 976 1637 detlm
1003 1537 1144 1638 sedes
1171 1559 1223 1637 et
1247 1535 1437 1672 templa
1461 1536 1708 1658 locarunt,

415 1708 514 1828 Per
539 1713 719 1811 coelum
743 1712 875 1812 volvi
902 1711 1024 1849 quia
1048 1712 1120 1811 sol
1147 1734 1199 1811 et
1222 1712 1346 1811 luna
1371 1709 1641 1810 videntur:

417 1883 579 2005 Luna,
602 1887 723 2006 dies,
751 1908 803 1985 et
827 1924 945 2007 nox,
973 1908 1025 1984 et
1049 1889 1207 1987 noctis
1235 1888 1380 2022 sigua
1403 1921 1589 2003 severa,

416 2059 818 2199 Noctivagaeque
844 2020 975 2160 faces
1001 2061 1129 2180 coeli,
1156 2063 1478 2195 flammaeque
1503 2059 1743 2180 volanteS,
1797 2028 1800 2032 Δ

261 2228 264 2235 ’
416 2231 630 2352 Nubila,
658 2271 754 2353 roe,
780 2231 983 2356 imbres,
1010 2237 1115 2356 nix,
1140 2237 1295 2354 venti,
1323 2230 1551 2349 fulmina,
1579 2230 1791 2368 grande,

415 2403 484 2506 Et
509 2407 674 2545 rapidi
700 2406 928 2506 fremitus
954 2429 1005 2506 et
1029 2445 1288 2508 murmura
1312 2411 1497 2543 magna
1522 2407 1791 2509 minarum.

486 2581 533 2678 0
563 2616 725 2719 genus
750 2579 927 2680 infelix
953 2578 1262 2681 humanum!
1302 2581 1423 2680 talia
1449 2579 1576 2680 divis

417 2750 587 2873 Quom
613 2751 794 2851 tribuit
817 2751 965 2873 facta,
992 2774 1147 2890 atque
1173 2754 1271 2852 iras
1295 2751 1531 2890 adjunxit
1557 2750 1792 2854 acerbas:

416 2923 647 3046 Quantos
672 2946 782 3025 tum
808 2926 1026 3062 gemitus
1051 2928 1148 3064 ipsi
1175 2926 1285 3048 sibi,
1315 2951 1609 3067 quantaque
1633 2929 1825 3031 nobis·
1891 2942 1900 2951 ”

412 3096 651 3217 Volnera,
680 3133 805 3236 quas
830 3098 1076 3237 lacrymas
1100 3104 1345 3238 peperere
1369 3094 1651 3204 minoribus
1675 3104 1858 3205 nostris
1870 3103 1887 3205 !'

485 3269 599 3374 Nec
624 3272 784 3408 pietas
811 3252 917 3370 ulla
941 3295 1019 3373 est
1039 3274 1260 3374 velatum
1286 3313 1420 3413 saepe
1444 3271 1605 3381 uideri
1695 3328 1700 3385 1

411 3447 614 3551 Vertier
638 3448 703 3548 ad
728 3447 965 3585 lapidem,
993 3469 1147 3588 atque
1172 3454 1364 3552 omneis
1390 3453 1627 3554 accedere
1653 3454 1717 3553 ad
1740 3491 1849 3554 aras
1865 3475 1879 3578 '3
1895 3461 1917 3492 ⁷‘

230 3722 248 3753 ,
347 3754 353 3766 Ι
414 3622 527 3726 Nec
547 3619 876 3758 procumbere
892 3619 1034 3722 humi
1049 3626 1373 3761 prostratum,
1393 3649 1445 3727 et
1462 3628 1686 3766 paudere
1705 3629 1898 3766 palmas
1966 3635 1967 3639 '

411 3799 547 3900 Ante
574 3798 725 3896 detlm
752 3794 979 3916 delubra,
1001 3836 1094 3899 nec
1120 3836 1229 3900 aras
1255 3800 1501 3938 sanguine
1527 3801 1688 3900 multo
1766 3824 1768 3827 ’

414 3950 664 4111 Spargere
690 3959 1099 4107 quadrupedum,
1126 4010 1220 4072 nec
1242 3975 1371 4074 votis
1397 3985 1603 4075 nectere
1619 3980 1769 4076 ⁴vota:

415 4144 518 4246 Sed
544 4180 689 4280 mage
713 4164 893 4280 pacata
916 4182 1061 4282 posse
1075 4147 1255 4247 omnia
1273 4170 1443 4247 mente
1468 4149 1615 4249 tueri.

413 4317 553 4420 Nam
581 4356 737 4458 quom
758 4319 1060 4455 suspicimus
1086 4321 1263 4457 magni
1283 4320 1502 4425 coelestia
1525 4321 1704 4424 mundi
1865 4340 1868 4345 ’

410 4495 627 4634 Templa
651 4532 817 4634 super,
839 4493 1097 4632 stellisque
1122 4493 1424 4596 micantibus
1449 4494 1640 4597 aethera
1663 4494 1841 4616 fixum,
1884 4504 1892 4515 '

366 4725 370 4742 ι
413 4667 482 4772 Et
505 4670 644 4772 venit
667 4671 720 4769 in
747 4693 967 4771 mentem
992 4670 1108 4771 solis
1133 4671 1375 4809 lunaeque
1400 4672 1610 4792 viarum,

410 4841 557 4944 Tunc
583 4844 692 4944 aliis
708 4856 955 4981 'oppressa
978 4844 1121 4942 malis
1146 4845 1198 4943 in
1224 4867 1428 4980 pectore
1454 4880 1576 4944 cura

412 5014 509 5117 Illa
535 5055 740 5157 quoque
766 5017 1177 5155 expergefactum
1203 5036 1356 5151 caput
1381 5013 1573 5150 erigere
1599 5013 1729 5137 infit,
1795 5036 1800 5044 ’

413 5187 606 5333 Ecquae
632 5191 760 5294 forte
787 5192 938 5294 deum
962 5191 1106 5293 nobis
1132 5191 1375 5290 immensa
1397 5207 1620 5331 potestas

1130 5369 1147 5419 2
1158 5374 1171 5417 1
