4598 6112
408 515 477 614 48
735 521 795 610 Τ.
862 516 1293 611 LUCRETII
1352 516 1562 612 CARI

479 780 527 884 O
547 782 755 882 miseras
780 778 1044 880 hominum
1070 778 1310 880 menteis!
1350 817 1381 878 o
1406 802 1612 918 pectora
1637 780 1799 880 caeca!

410 956 663 1079 Qualibus
689 956 742 1055 in
763 952 983 1055 tenebris
1008 953 1141 1072 vitae,
1168 954 1475 1093 quantisque
1501 957 1703 1094 periclis

408 1131 633 1271 Degitur
656 1129 752 1233 hoo
778 1131 889 1249 aevi,
918 1126 1262 1268 quodcunque
1286 1151 1362 1253 est
1379 1129 1395 1255 l,
1428 1169 1597 1232 nonne
1621 1131 1791 1253 videre

407 1305 502 1409 Nil
528 1305 672 1406 alind
694 1304 787 1406 sibi
815 1325 1047 1405 naturam
1075 1303 1272 1424 latrare,
1300 1305 1393 1403 nisi
1420 1328 1494 1423 nt,
1522 1340 1677 1443 quoru

409 1480 637 1618 Corpore
665 1480 921 1617 sejunctus
948 1478 1093 1579 dolor
1117 1480 1263 1601 absit,
1292 1503 1459 1581 mente
1485 1480 1686 1581 fruatur

405 1655 438 1759 J
442 1657 645 1759 ucundo
672 1675 836 1776 sensu3
864 1693 988 1757 oura-
1010 1662 1216 1778 semota,
1241 1660 1515 1794 metuque?
1560 1668 1564 1684 ”

476 1830 616 1969 Ergo
641 1820 933 1967 corpoream
959 1829 1022 1929 ad
1049 1854 1281 1931 naturam
1307 1869 1471 1969 pauca
1495 1834 1722 1937 videmus

406 2002 529 2106 Esse
554 2042 683 2142 opus
708 2006 930 2129 omnino,
959 2030 1075 2147 quae
1101 2010 1309 2111 dement
1332 2044 1537 2147 cunque
1564 2008 1805 2134 dolorem,

405 2178 627 2281 Delicias
654 2218 862 2319 quoque
888 2187 962 2284 uti
989 2185 1172 2286 multas
1197 2184 1516 2285 substernere
1543 2186 1750 2321 possint,

405 2352 613 2456 Gratius
638 2354 894 2456 interdum
919 2397 1087 2497 neque
1113 2380 1295 2492 natura
1322 2359 1429 2496 ipsa
1453 2359 1681 2496 requirit.

239 2528 241 2534 ⁴
347 2654 353 2666 ῃ
405 2530 459 2631 Si
487 2570 586 2630 non
614 2567 765 2630 aurea
790 2554 910 2631 sunt
924 2532 1171 2670 juvenum
1200 2533 1464 2633 simulacra
1486 2568 1581 2670 per
1605 2534 1758 2635 aedeis

405 2707 689 2846 Lampadas
714 2705 953 2845 igniferas
978 2706 1211 2808 manibus
1237 2707 1507 2807 retinentia
1532 2705 1739 2828 dextris,

403 2881 623 2985 Lumina
644 2881 914 2983 nocturnis·
931 2879 1107 3018 epulis*
1120 2901 1181 2983 ut
1206 2878 1625 3018 suppeditentur,

402 3056 516 3161 Nec
542 3057 722 3166 domus
746 3074 964 3195 argento
981 3051 1415 3194 fulget-‚oannem
1441 3053 1641 3155 renidet
1655 3096 1676 3181 ς

404 3229 519 3332 Nec
545 3229 749 3332 citharis
762 3229 987 3331 reboant
1008 3229 1250 3368 laqueata·
1270 3249 1550 3365 aurataque
1570 3230 1798 3367 ⁴tenrplar

404 3403 902 3524 Quintameninter·
917 3439 969 3504 se
993 3404 1232 3540 prostrati
1257 3403 1329 3502 in¹¹
1337 3403 1565 3540 gramine
1592 3407 1731 3506 molli
1866 3479 1870 3487 «

402 3578 623 3719 Propter
645 3616 796 3716 aquae
820 3578 997 3697 rivom,
1018 3575 1112 3679 snb
1134 3574 1514 3678 ramis-arboris
1527 3578 1665 3700 altae,

404 3755 528 3859 Non
547 3749 961 3894 magnis'opilruo
970 3752 1434 3890 jucundecorpura
1454 3777 1663 3857 urrant:
1687 3808 1692 3825 ¹

163 4003 165 4008 -
301 4032 304 4037 ,
403 3929 695 4032 Praesertirn
716 3943 880 4067 quoni
899 3945 1172 4064 tempestas
1197 3927 1493 4049 adridettet
1517 3929 1636 4032 anni

398 4102 654 4243 Tempora
678 4123 1024 4239 conspergunt
1039 4078 1576 4208 ‘viduantur-northus
1602 4104 1815 4234 herbas3
1902 4132 1905 4139 '

404 4276 518 4380 Nec
543 4275 720 4383 calidae
746 4276 897 4381 citius
917 4277 1173 4384 decedunt
1193 4318 1412 4419 corpore
1431 4276 1614 4399 sturm,
1646 4333 1661 4350 ··
1702 4348 1705 4354 -

399 4452 836 4590 Textilibussiin
861 4452 1087 4588 pictoria
1113 4474 1354 4588 ostroque
1372 4449 1580 4554 rubenti
1685 4548 1688 4553 ,
1740 4513 1744 4521 =

400 4627 634 4746 laeteris,
663 4625 877 4763 quamsi
902 4621 1106 4760 plebeja
1128 4605 1185 4724 in
1206 4646 1341 4726 veste
1360 4626 1652 4735 cubandum
1677 4645 1769 4736 ost,

470 4801 798 4947 Quapropter
815 4797 1062 4938 quoniam·
1082 4799 1157 4900 nil
1179 4820 1353 4902 nostro
1368 4802 1422 4903 in
1442 4841 1652 4942 corpore
1676 4846 1829 4946 ganoe-

399 4976 694 5120 Proficiunt,
720 4973 1166 5116 nequesnobilitas
1185 4979 1744 5121 ·noquegloriarregni·;
1810 5041 1813 5047 -
