4598 6112
745 559 1020 649 crana
1084 556 1513 651 ornares.
1804 557 1900 668 175
2037 530 2050 541 ’

406 815 525 938 Qua
548 820 743 957 possint
768 816 944 918 eadem
969 854 1138 915 rerum
1165 816 1431 916 simulacra
1453 819 1655 920 venire:

403 991 689 1096 Permultos
714 996 888 1133 itaque
915 990 1002 1090 illa
1027 990 1133 1090 dies
1159 990 1337 1090 eadem
1357 989 1690 1095 obversantur

400 1167 536 1268 Ante
562 1170 748 1288 oculos,
777 1168 927 1267 etiam
953 1164 1303 1301 vigilantes'ut
1327 1165 1596 1268 videantur

404 1335 624 1440 Cernere
648 1312 921 1459 saltanteis,
950 1361 1003 1438 et
1026 1339 1198 1437 mollia
1223 1338 1448 1439 membra
1472 1344 1775 1470 moventeisj

291 1615 293 1618 ,
410 1511 472 1614 Et
496 1512 703 1614 citharae
728 1513 986 1653 liquidum
1012 1550 1229 1632 carmen,
1250 1476 1567 1652 chordasque
1586 1516 1871 1654 loquenteis

399 1686 627 1788 Auribus
653 1689 896 1825 accipere,
924 1710 976 1787 et
1001 1723 1287 1787 consessum
1314 1723 1517 1786 cernere
1544 1690 1782 1812 eundem,

402 1859 685 1998 Scenaique
711 1861 860 1960 simul
888 1860 1048 1959 varios
1068 1858 1336 1996 splendere
1363 1859 1582 1965 decores,

400 2032 580 2174 Usque
607 2035 733 2135 adeo
759 2035 930 2168 magni
956 2033 1112 2133 refert
1136 2034 1380 2157 studium,
1408 2059 1562 2176 atque
1587 2041 1835 2165 voluntas,

401 2207 469 2310 Et
496 2210 684 2351 quibus
709 2212 761 2308 in
787 2208 941 2310 ¹rebus
967 2209 1257 2310 consuerint
1274 2248 1379 2311 esse
1405 2216 1599 2348 operati

403 2381 527 2485 Non
553 2383 782 2486 homines
808 2384 987 2525 solum,
1016 2382 1103 2484 sed
1130 2422 1247 2485 vero
1274 2387 1509 2486 animalia
1535 2413 1734 2492 cuncta.

403 2557 613 2698 Quippe
626 2559 820 2661 videbis
840 2596 998 2698 equos
1011 2557 1201 2678 forteis‚
1224 2595 1380 2695 quom
1396 2558 1621 2662 membra
1633 2563 1894 2700 jacebunt,

400 2732 463 2836 In
491 2737 675 2836 somnis
702 2734 883 2873 sudare
908 2753 1097 2848 tamen,
1125 2732 1420 2871 spirareque
1448 2773 1599 2873 saepe,

400 2907 471 3010 Et
496 2912 640 3049 quasi
668 2908 730 3009 de
756 2908 926 3049 palma
952 2943 1170 3007 summas
1197 2907 1499 3009 contendere
1519 2912 1682 3035 vireiS,
1762 2954 1771 2973 ’

396 3081 543 3187 Tunc
572 3086 715 3223 quasi
742 3080 1025 3184 carceribus
1051 3079 1314 3217 patefactis
1341 3119 1476 3219 saepe
1503 3086 1692 3221 quiete.

467 3255 867 3395 Venantumque
894 3293 1041 3357 canes
1067 3255 1119 3354 in
1145 3255 1284 3354 molli
1311 3294 1445 3395 saepe
1472 3262 1644 3398 quiete

396 3431 430 3534 J
435 3455 604 3534 actant
628 3470 775 3534 crura
798 3453 969 3531 tamen
996 3427 1180 3549 subito,
1201 3459 1450 3569 vocesque
1476 3462 1685 3575 repente

399 3606 635 3722 Mittunt,
664 3628 717 3706 et
740 3604 941 3733 crebras
966 3605 1256 3706 redducunt
1280 3605 1487 3708 naribus
1513 3647 1677 3731 auras,

398 3781 475 3885 Ut
498 3781 711 3919 vestigia
737 3780 776 3881 si
801 3803 1009 3881 teneant
1033 3780 1238 3881 inventa
1257 3780 1508 3883 ferarum:

399 3957 866 4097 Expergefactique
893 3977 1180 4096 sequuntur
1205 3955 1374 4054 inania
1398 3995 1532 4095 saepe

401 4130 679 4233 Cervorum
707 4131 989 4251 simulacra,
1015 4130 1154 4268 fugae
1182 4132 1326 4269 quasi
1353 4130 1526 4232 dedita
1550 4161 1759 4238 cernant
1774 4180 1788 4263 ;
1896 4200 1900 4207 ·

399 4304 580 4408 Donec
605 4305 839 4407 discussis
863 4306 1077 4406 redeant
1101 4301 1356 4405 erroribus
1383 4304 1446 4404 ad
1473 4344 1541 4408 se.

397 4481 470 4587 At
493 4503 733 4585 consueta
757 4479 896 4581 domi
920 4479 1202 4581 catulorum
1227 4474 1417 4578 blanda
1441 4518 1671 4622 propago
1726 4503 1730 4509 ”

399 4654 620 4795 Degere,
645 4693 779 4792 saepe
805 4655 966 4756 levem
993 4692 1056 4752 ex
1083 4653 1257 4772 oculis
1283 4652 1643 4796 volucremque
1663 4696 1894 4798 soporem

399 4830 685 4950 Discutere,
714 4853 766 4930 et
790 4869 973 4969 corpus
998 4827 1061 4928 de
1088 4850 1222 4928 terra
1248 4829 1510 4966 conripere
1535 4833 1742 4955 instant,

273 5141 276 5147 Ι
395 5005 620 5108 Proinde
647 4988 792 5145 quasi
817 5006 1015 5145 ignotas
1038 5002 1201 5107 facies
1216 5026 1372 5141 atque
1398 5040 1486 5116 ora
1509 5025 1737 5105 tuantur.

396 5179 465 5283 Et
495 5218 649 5322 quam
671 5216 897 5321 quaeque
917 5183 1079 5323 magis
1098 5205 1217 5283 sunt
1242 5216 1430 5321 aspera·
1444 5177 1787 5321 seminiorum,
