4598 6112
749 510 1021 603 traua
1085 509 1564 608 sncuunus.
1839 508 1906 607 65

414 766 484 870 Et
507 758 782 908 procursus
801 761 922 871 item
947 771 1000 869 in
1024 771 1245 908 proclive
1270 772 1506 881 volubilis
1532 778 1712 879 exstat.
1831 868 1834 875 .
1875 868 1880 883 ,

485 942 674 1047 Omnia
699 968 951 1084 postremo
977 965 1094 1083 quae
1119 969 1311 1084 puncto
1335 970 1563 1086 tempore
1588 951 1751 1052 cernis

270 1185 276 1244 j
413 1116 1948 1264 Diffugere,utfumum‚nebulaS,flammasque,necesseest,.‘
2028 1207 2033 1218 .

413 1292 659 1395 siminus
685 1296 854 1396 omnia
878 1317 997 1399 sunt
1021 1335 1049 1393 e
1075 1293 1286 1396 laevibus
1312 1319 1467 1436 atque
1493 1291 1740 1420 rotundis,
1855 1385 1858 1393 .

410 1469 482 1569 At
506 1508 608 1568 non
635 1507 740 1580 esse
765 1491 932 1570 tamen
959 1468 1216 1608 perplexis
1241 1470 1562 1607 indupedita,

412 1639 648 1780 Pungere
674 1643 748 1743 uti
770 1645 969 1782 possint
994 1633 1194 1783 corpus,
1221 1670 1590 1790 penetrareque
1617 1688 1766 1776 saxa3
1858 1722 1862 1740 2

412 1813 526 1916 Nec
551 1838 720 1917 tamen
745 1814 937 1928 haerere
962 1821 1095 1920 inter
1119 1859 1190 1940 se,
1215 1823 1357 1969 quod
1381 1823 1599 1962 quisque
1622 1824 1856 1929 videmus.
1905 1942 1915 1964 ·

413 1991 652 2094 Sentibus
677 2031 784 2094 esse
809 1993 1015 2096 datum:
1051 1995 1198 2096 facile
1217 2020 1275 2096 ut
1299 2034 1599 2135 cognoscere
1622 1999 1782 2135 possis

414 2166 544 2287 Non
564 2208 592 2289 e
611 2169 885 2306 perplexis,
914 2168 1002 2269 sed
1028 2165 1195 2271 acutis
1211 2207 1316 2271 csse
1342 2170 1619 2306 elementis.

370 2391 374 2400 ·
482 2342 584 2443 Sed
602 2343 740 2483 quod
757 2380 926 2443 amara
938 2343 1077 2474 vides
1091 2343 1291 2464 eadem,
1309 2381 1425 2483 quae
1440 2345 1633 2447 fluvida
1650 2368 1901 2469 constant,

412 2518 581 2620 Sudor
605 2519 681 2619 uti
706 2521 857 2619 maris
881 2541 972 2643 est,
998 2519 1205 2619 minime
1228 2517 1283 2618 id
1307 2515 1537 2619 mirabile
1562 2516 1875 2624 habendum.

412 2691 550 2796 Nam
577 2693 717 2833 quod
740 2694 990 2795 fluvidum
1015 2716 1108 2814 est,
1134 2731 1162 2792 e
1188 2691 1400 2794 laevibus
1424 2716 1579 2832 atque
1605 2689 1839 2797 rotundis

412 2868 520 2993 Est,
547 2893 600 2970 at
622 2867 835 3001 laevibus
860 2868 1271 3007 atquerotundis
1296 2869 1445 2968 mista
1469 2868 1654 2986 doloris
1678 2909 1709 3003 ·,

412 3047 639 3184 Corpora
653 3087 667 3169 3
693 3084 787 3145 nec
805 3067 974 3157 tamen
994 3041 1103 3144 haec
1128 3044 1333 3144 retineri
1348 3041 1550 3152 hamata
1563 3079 1763 3143 necesse
1788 3067 1898 3191 estt

411 3220 614 3321 Scilicet
638 3257 743 3319 esse
768 3217 993 3357 globosa,
1019 3221 1330 3319 tamencum
1357 3215 1590 3356 squalida
1614 3221 1866 3342 constent,
1894 3273 1897 3281 ·

409 3392 642 3501 Provolvi
668 3392 816 3528 simul
839 3414 900 3492 ut
923 3393 1131 3530 possint,
1153 3415 1211 3493 'et
1233 3391 1419 3536 laedere
1445 3428 1633 3494 sensus.
1678 3363 1683 3375 ι

482 3567 549 3669 Et
574 3606 677 3707 quo
702 3568 856 3690 mista.
867 3589 1016 3704 putes
1040 3568 1202 3705 magis
1227 3602 1403 3711 aspera
1426 3562 1638 3665 laevibus
1663 3603 1768 3666 esse

335 3706 353 3741 ⁰
409 3741 695 3879 Principiis
722 3739 860 3840 unde
886 3762 961 3841 est
987 3737 1222 3878 Neptuni
1247 3776 1434 3876 corpus
1454 3736 1694 3841 acerbum
1709 3781 1728 3862 ;

410 3916 504 4017 Est
526 3918 653 4015 ratio
673 3893 988 4054 secernundi,
1016 3950 1342 4065 seorsumque
1365 3908 1591 4016 videndi.

409 4083 612 4192 Humor
636 4090 797 4191 dulcit
819 4073 910 4195 ubi
935 4126 1029 4227 per
1052 4112 1211 4188 terras
1234 4087 1461 4188 crebrius
1483 4088 1619 4190 idem

409 4265 721 4384 Percolatur,
746 4264 881 4365 utin
905 4246 1103 4365 foveam
1126 4266 1271 4382 fluat,
1297 4300 1354 4362 ac
1379 4249 1723 4365 mansuescat:

411 4438 626 4580 Linquit
649 4441 784 4538 enirn
810 4477 965 4578 supra
987 4441 1105 4542 tetri
1129 4438 1408 4578 primordia
1430 4438 1527 4539 viri

407 4592 621 4756 Aspera,
646 4656 752 4756 quo
776 4619 936 4756 magis
962 4619 1014 4719 in
1040 4617 1188 4719 terris·
1203 4613 1477 4715 haerescere
1503 4634 1730 4751 possunt.

480 4783 634 4912 Quod
650 4792 1075 4930 quoniamdocui,
1091 4826 1299 4929 pergam
1320 4809 1616 4889 connectere
1635 4822 1900 4932 rem,.quae
2030 4914 2033 4921 Α
2088 4870 2089 4877 r

410 4967 491 5068 Ex
516 4964 749 5103 hocapta
773 4966 927 5067 lidcrn
952 4967 1122 5106 ducit:
1161 4961 1438 5102 primordio
1461 4999 1636 5094 rerum

410 5142 577 5300 Finita
599 5129 795 5247 variare¹
809 5142 1091 5279 figurarum
1114 5142 1329 5251 ratione.
