4598 6112
780 411 1049 574 rinno
1113 483 1602 584 sncunnus.
1853 493 1921 588 sn

429 731 657 838 Primum
682 737 881 841 Aurora
905 745 1035 841 novo
1060 781 1216 881 quom
1242 746 1435 885 spargit
1459 748 1849 887 lumineterros,

312 947 314 950 ’
428 908 498 1012 Et
515 914 668 1013 variae
684 913 914 1014 volueres
937 953 1144 1018 nemora
1168 921 1280 1020 avia
1303 923 1662 1059 pervolitantes
1790 1017 1794 1026 .

424 1087 562 1187 Aera
585 1123 679 1225 per
702 1111 934 1188 tenerum
953 1089 1162 1229 liquidis
1188 1092 1299 1194 loeo
1323 1094 1529 1199 vocibus
1554 1103 1797 1240 opplent:

427 1257 598 1379 Quam
626 1259 798 1361 subito.
819 1262 977 1363 solent
995 1263 1071 1389 sol
1096 1289 1237 1368 ortus
1266 1278 1490 1411 tempore
1514 1277 1604 1378 tali

425 1436 719 1542 Convestire
745 1478 835 1542 sua
858 1439 1170 1579 perfundens
1194 1445 1364 1545 omn-ia
1387 1445 1520 1568 luce,
1560 1543 1562 1549 ,
1755 1410 1758 1417 .

422 1613 680 1718 Omnibus
703 1617 756 1717 in
780 1639 1040 1756 prompto,
1067 1615 1493 1759 manifestumque
1519 1661 1626 1724 esse
1644 1624 1891 1732 videmus.

400 1790 492 1893 .At
514 1829 673 1929 vapor
695 1793 753 1912 is,
781 1829 935 1931 quern
962 1789 1034 1890 sol
1060 1789 1232 1909 mittit,
1259 1791 1536 1933 lumenque
1562 1812 1817 1924 serenum,
1894 1851 1943 1899 ·,
2081 1924 2085 1934 Ι

421 1964 542 2067 Non
570 2005 664 2105 per
688 1968 837 2067 inane
863 1987 1254 2112 meotvaouum
1279 2003 1386 2105 quo
1412 1970 1614 2073 tardius
1633 1974 1705 2074 ire

420 2136 651 2281 Cogitur,
677 2141 836 2243 obrius
862 2142 1007 2281 quasi
1036 2178 1191 2279 quoru
1213 2115 1500 2247 diverberet
1525 2149 1716 2252 undas:

416 2317 530 2423 Nee
556 2317 849 2458 singillatim
874 2316 1176 2454 corpuscula
1199 2355 1420 2457 quaeque
1443 2323 1663 2463 inpuris,

416 2493 517 2597 Sed
544 2464 809 2636 complexo
832 2514 1004 2594 meant
1021 2493 1156 2592 inter
1179 2529 1249 2613 ne,
1274 2530 1482 2634 oouque
1495 2496 1738 2634 globata:
1887 2542 1896 2561 ’

370 2695 373 2702 “
412 2669 744 2808 Quapropter
767 2668 917 2770 simul
940 2667 1076 2767 inter
1099 2703 1151 2767 se
1175 2662 1520 2804 retrahuntur,
1547 2692 1599 2770 et
1622 2696 1768 2777 extro
1815 2759 1820 2771 ,
1852 2756 1859 2776 ..
1887 2679 1902 2812 ῘΙ

413 2839 742 2965 officiuntur,
769 2843 843 2944 uti
868 2864 1118 2982 cogantur
1141 2839 1335 2942 tardius
1360 2844 1450 2945 ire.

410 3023 497 3143 At,
526 3056 643 3160 quae
669 3043 796 3123 suut.
813 3018 974 3119 sol-ido
997 3015 1277 3155 primordie
1303 3016 1650 3154 simplieitnte,'

305 3284 308 3289 .
411 3196 584 3318 Quom
609 3189 880 3336 perinane
907 3215 1080 3293 meant
1101 3228 1337 3327 vacuum,
1368 3230 1462 3293 neo
1487 3231 1568 3296 res
1592 3207 1903 3301 remoratur·

405 3371 530 3475 Ulla
555 3371 693 3492 foris,
719 3393 874 3508 atque
892 3369 1004 3506 ipsa
1029 3369 1130 3468 suis
1149 3406 1179 3467 e
1195 3365 1431 3505 portibus
1451 3382 1643 3492 uuum'

406 3543 584 3663 Unum
609 3546 662 3646 in
689 3580 844 3683 quem
870 3580 1065 3682 ooepero
1091 3542 1262 3644 locum
1284 3533 1503 3646 connixa
1525 3543 1764 3650 feruntur
1777 3589 1797 3673 ς
1875 3580 1887 3639 r

407 3725 617 3828 Debent
638 3725 879 3826 nimirum
902 3717 1195 3859 praecellere
1219 3715 1525 3838 mobilitate,
1660 3799 1664 3805 .

406 3878 661 4004 Etnrulto
686 3901 838 4028 eitius
858 3896 996 4015 ferri,
1025 3876 1182 4034 quom·
1206 3892 1399 3994 lumina
1424 3897 1573 3997 solis:

403 4075 789 4215 Multiplexque
813 4073 911 4189 loci
935 4071 1155 4209 spatium
1180 4073 1526 4172 transcurrere
1550 4071 1736 4175 eodem
1873 4112 1881 4168 τ

398 4214 668 4392 Tempore,
695 4286 806 4391 quo
825 4249 941 4349 solis
966 4245 1268 4385 pervolgant
1291 4243 1504 4383 fulguru.
1521 4247 1704 4350 coelum
1723 4288 1760 4349 t.
1870 4306 1874 4313 ·

400 4425 538 4531 Nam
564 4462 735 4564 neque
758 4422 969 4524 oonsilio
992 4420 1183 4536 debent
1205 4418 1406 4556 tardata
1422 4423 1628 4543 morari,
1871 4434 1877 4453 ”

398 4601 512 4704 N‘eo
532 4599 835 4741 perscrutari
857 4595 1138 4742 primordia
1162 4596 1363 4733 singula
1382 4631 1621 4733 quaeque,
1740 4689 1743 4694 .

395 4773 471 4879 Ut
494 4775 715 4893 videont,
743 4809 847 4911 qua
872 4770 1103 4910 quidque
1128 4772 1336 4908 geratur
1358 4807 1474 4870 cum
1499 4770 1713 4883 ratione.
1861 4793 1865 4801 “

465 4948 538 5050 At
553 4948 763 5088 quidam
788 4923 966 5047 contra
989 4943 1125 5067 haec‚·
1143 4945 1324 5084 ignari,
1351 4948 1597 5087 materiai.
1746 5039 1750 5048 .

395 5121 651 5256 Naturam
675 5160 779 5226 non
794 5085 944 5263 posse
969 5120 1121 5223 detlm
1147 5121 1254 5224 siue
1279 5123 1489 5228 numine
1513 5121 1666 5226 reddi
