4598 6112
759 552 1070 645 ,LIBER
1133 553 1490 650 PRJMUS.
1554 554 1564 569 '
1641 557 1644 564 ’
1812 544 1888 650 ’45

398 814 500 919 Per
522 814 765 933 medium,
791 848 1013 950 pcrnon
1038 811 1265 915 medium
1291 814 1762 955 concedatoportct

397 991 595 1128 AEquis-
609 985 939 1126 ponderibus,
965 1011 1132 1116 motus
1146 1025 1468 1128 quacunque
1493 989 1760 1095 feruntur:

400 1164 514 1268 Nec
541 1167 815 1304 quisquam
841 1162 982 1263 locus
1004 1185 1100 1283 est,
1126 1200 1469 1302 quocorpora
1506 1202 1885 1305 quemvenere,

317 1406 321 1415 ·
399 1339 644 1442 Ponderis
670 1341 850 1440 amissa
873 1339 922 1438 vi
942 1338 1137 1476 possint
1159 1361 1291 1439 stare
1316 1343 1370 1441 in
1395 1343 1563 1444 inani:

400 1517 513 1620 Nec
541 1517 680 1657 quod
704 1517 1053 1616 inaneautem
1077 1532 1168 1630 est,
1194 1512 1288 1611 ulli
1313 1512 1595 1619 subsistere.
1612 1516 1779 1643 debet,

399 1689 557 1812 Quin,
586 1729 677 1791 sna
701 1688 843 1828 quod
869 1687 1219 1824 naturapetit,
1247 1688 1744 1830 concedcrcpergat.

399 1864 557 1967 Haud
581 1868 741 2004 igitur
763 1883 978 2001 possunt
999 1860 1091 1959 tali
1114 1859 1309 1960 ratione
1333 1863 1495 1962 teneri

398 2037 500 2141 Res
524 2041 577 2140 in
604 2037 833 2159 concilio,
859 2034 1014 2135 medii
1037 2034 1331 2172 cuppedine
1351 2037 1514 2140 victae.

399 2210 656 2314 Praeterea
677 2246 885 2351 quoque
901 2209 1011 2346 jam
1034 2245 1138 2308 non
1162 2209 1571 2349 omnia-corpora
1591 2215 1798 2357 lingunt

399 2387 459 2489 In
489 2389 714 2489 medinm
739 2383 1438 2522 niti,-sed2terrarum,-atque
1462 2387 1738 2528 liquorum,

399 2562 684 2665 Humorem
707 2560 870 2701 ponti,
896 2557 1199 2697 magnisque
1224 2595 1253 2669 e
1272 2558 1534 2663 montibus
1557 2560 1769 2700 undas,
1798 2643 1800 2647 -

399 2733 470 2836 Et
494 2735 640 2875 quasi
664 2757 865 2835 terreno
889 2769 1006 2871 quae
1032 2768 1242 2869 corpore
1268 2734 1649 2844 contineantur:

397 2910 470 3010 At
494 2932 669 3010 contra
692 2908 888 3009 tenueis
913 2929 1180 3042 exponunt
1204 2908 1333 3008 ae'ris
1358 2946 1520 3033 auras,

400 3082 470 3187 Et
494 3084 682 3186 calidos
707 3083 854 3183 simul
876 3120 905 3181 a
930 3081 1097 3182 medio
1122 3080 1372 3184 differrier
1394 3085 1572 3223 igneis,

398 3259 573 3399 Atque
598 3258 713 3359 ideo
738 3277 903 3357 totum
928 3255 1332 3357 circumtremere
1357 3259 1548 3364 aethera
1570 3267 1744 3408 signis,
1996 3285 2001 3296 ’

401 3432 470 3536 Et
494 3435 611 3581 solis
639 3436 893 3534 flammam
918 3468 1013 3569 per
1031 3433 1143 3533 coeli
1167 3435 1353 3536 caerula
1377 3438 1532 3573 pasci,

400 3605 555 3729 Quod
579 3607 716 3709 calor
739 3645 770 3706 a
793 3605 961 3706 medio
985 3606 1186 3746 fugiens
1210 3608 1282 3708 ibi
1308 3610 1530 3749 conligat
1552 3614 1747 3753 igneis,

399 3782 639 3921 (Quippe
665 3782 816 3882 etiam
840 3783 972 3882 vesci
998 3819 1025 3880 e
1050 3804 1186 3883 terra
1210 3757 1440 3884 mortalia
1464 3789 1641 3913 saecla3

402 3955 516 4098 Nec
541 3993 776 4094 prorsum
801 3953 1066 4055 arboribus
1092 3992 1312 4058 summos
1337 3958 1659 4067 frondescere
1685 4004 1848 4076 ramos

400 4128 569 4250 Posse,
596 4127 694 4229 nisi
719 4166 749 4228 a
772 4129 919 4227 terris
943 4127 1209 4265 paullatim
1235 4132 1419 4269 cuique
1445 4134 1665 4242 cibatum

396 4300 557 4404 Terra
581 4302 694 4436 det)
720 4325 772 4403 at
796 4339 951 4437 supra
973 4302 1163 4403 circum
1187 4326 1359 4443 tegere
1384 4311 1553 4412 omnia
1577 4316 1788 4448 coelunr3

402 4476 487 4580 Ne
512 4478 703 4579 volucri
729 4478 831 4577 ritu
857 4477 1190 4601 flammarum,
1217 4485 1400 4585 moenia
1423 4488 1603 4588 mundi

401 4650 698 4790 Diffugient
718 4649 885 4751 subito
911 4687 1153 4787 magnum
1178 4656 1445 4788 perinane
1471 4663 1649 4787 soluta,

401 4823 471 4927 Et
494 4862 559 4926 ne
584 4847 766 4928 caetera
790 4822 1035 4926 consimili
1061 4824 1254 4926 ratione
1279 4859 1592 4970 sequantur:

401 4998 550 5103 Neve
575 5022 727 5101 ruant
751 4999 862 5100 coeli
886 4997 1141 5100 tonitralia
1165 5004 1359 5140 templa
1383 5043 1617 5148 superne,
1688 5009 1689 5012 ‘
1772 5098 1775 5103 .

397 5169 658 5314 Terraque
683 5211 737 5304 se
761 5171 979 5313 pedibus
1003 5175 1190 5319 raptim
1216 5176 1482 5307 subducat,
1509 5206 1564 5288 et
1585 5188 1776 5294 omneis
