4598 6112
294 490 299 495 ’
382 474 482 594 976
721 489 781 576 Τ.
849 481 1280 575 LUCRETII
1341 482 1555 574 CARI

224 781 227 787 ·
382 744 533 866 Quod
562 745 801 882 permista
825 743 958 883 gerit
982 742 1149 863 tellus,
1177 741 1498 884 discretaque
1523 741 1694 844 tradit.

454 923 506 1025 N
511 948 883 1062 octurnumque
909 959 1082 1023 recens
1108 921 1413 1022 exstinctum
1439 904 1631 1052 lurnen,
1659 914 1748 1017 uhi
1774 916 1875 1015 acri

383 1096 581 1199 Nidore
607 1096 821 1198 offendit
845 1100 1025 1218 nareis
1054 1095 1288 1233 consopit
1314 1094 1519 1214 ibidem,

383 1271 618 1410 Dejicere
644 1295 703 1372 ut
725 1309 911 1409 pronos
937 1273 1026 1408 qui
1052 1269 1259 1371 morbus
1284 1310 1418 1408 saepe
1444 1270 1621 1372 sudvit.
1671 1357 1673 1360 ,

454 1445 796 1584 Castoreoque
822 1446 961 1584 gravi
989 1446 1171 1545 mulier
1196 1446 1362 1582 sopita
1386 1443 1651 1586 recumbit,

383 1619 453 1720 Et
478 1618 709 1719 manibus
736 1618 954 1719 nitidum
980 1621 1166 1719 teneris
1190 1657 1321 1757 opus
1347 1621 1508 1720 effluit
1531 1619 1629 1758 eji,‘

379 1792 633 1930 Tempore
660 1831 719 1893 eo
745 1794 785 1892 si
810 1792 1019 1896 odorata
1042 1816 1118 1893 est
1143 1830 1247 1932 quo
1271 1818 1530 1896 menstrua
1555 1795 1717 1896 solvit.

456 1966 726 2107 Multaque
754 1990 1000 2104 praeterea
1025 1967 1321 2104 languentia
1346 1968 1574 2070 membra
1597 2009 1693 2108 per
1717 1994 1855 2071 artus

384 2143 613 2262 solvunt,
642 2165 796 2280 atque
823 2142 1040 2241 animam
1066 2141 1374 2244 labefactant
1400 2144 1604 2246 sedibus
1631 2148 1783 2250 intus,

454 2316 712 2457 Denique,
740 2318 779 2417 si
806 2318 860 2417 in
885 2315 1060 2419 calidis
1086 2317 1233 2415 etiarn
1264 2306 1500 2419 cunctere
1526 2321 1751 2442 lavacris

252 2483 253 2486 Ὺ
290 2531 294 2547 “
383 2490 590 2595 Plenior
613 2517 665 2593 et
689 2494 813 2594 solio
838 2493 890 2593 in
917 2491 1073 2592 fueris
1098 2491 1339 2594 ferventis
1364 2503 1533 2635 aquai,

347 2764 362 2791 ‚
385 2665 554 2787 Quam
579 2667 726 2768 facile
751 2670 803 2767 in
831 2667 998 2768 medio
1023 2669 1082 2767 fit
1110 2667 1181 2768 uti
1209 2666 1297 2768 des
1324 2708 1458 2807 saepe
1484 2670 1685 2774 ruinas!

455 2839 852 2981 Carbonumque
878 2844 1045 2982 gravis
1070 2845 1143 2945 vis
1170 2867 1324 2982 atque
1349 2846 1477 2946 odor
1499 2846 1787 2950 insinuatur

385 3016 554 3137 Quam
565 3019 709 3120 facile
726 3020 778 3119 in
788 3018 1174 3141 cerebrum,nisi
1190 3058 1372 3157 aquarn
1390 3023 1724 3160 praecepimus
1740 3026 1877 3126 ante!

451 3197 523 3293 At
548 3184 701 3331 quorn
729 3193 955 3295 membra
980 3194 1195 3295 hominis
1221 3196 1452 3332 percepit
1475 3194 1669 3297 fervida
1693 3197 1863 3321 febris,

187 3493 188 3496 p
253 3503 256 3506 g
382 3365 528 3470 Tum·
544 3369 603 3469 fit
627 3369 753 3469 odor
777 3369 879 3470 vini
906 3370 1073 3508 plagae
1100 3367 1379 3469 mactabilis
1405 3369 1577 3472 instar.
1684 3389 1686 3394 ’

456 3542 644 3644 Nonne
670 3543 809 3646 vides
836 3545 984 3647 etiam
1017 3567 1149 3644 terra
1175 3581 1383 3683 quoque
1409 3543 1573 3645 sulfur
1598 3545 1649 3645 in
1677 3546 1786 3685 ipsa
1938 3681 1940 3686 .

314 3687 317 3694 Ι
387 3715 616 3857 Gignier,
639 3742 690 3819 et
714 3742 847 3819 tetro
872 3757 1189 3821 concrescere
1214 3717 1367 3817 odore
1394 3716 1657 3820 bitumen?

456 3891 696 4034 Denique
722 3894 811 3996 ubi
838 3895 1035 4033 argenti
1062 3933 1210 3997 venas
1237 3896 1450 4034 aurique
1476 3920 1779 4035 sequuntur,

382 4066 560 4169 Terrai
586 4070 789 4206 penitus
815 4092 1095 4170 scrutantes
1120 4069 1294 4171 abdita
1318 4070 1467 4191 ferm,

387 4242 597 4364 Qualeis
622 4247 847 4384 exspirat
871 4247 1151 4384 scaptesula
1176 4246 1351 4347 subter
1375 4246 1587 4347 odores?

388 4419 593 4541 Quidve
620 4421 739 4520 mali
765 4421 824 4520 fit
849 4443 909 4521 ut
933 4418 1172 4522 exhalent
1197 4446 1371 4522 aurata
1395 4423 1628 4522 metalla!

388 4593 530 4715 Quas
555 4591 818 4693 'homiuum
844 4594 1067 4694 reddunt
1090 4594 1258 4716 facies,
1286 4598 1581 4736 qualeisque
1608 4597 1831 4700 colores?

388 4770 578 4874 Nonne
603 4768 760 4890 vides,
789 4767 994 4869 audisve
1019 4771 1186 4908 perire
1212 4771 1263 4871 in
1290 4794 1518 4910 tempore
1543 4809 1699 4909 parvo

390 4946 560 5067 Quam
587 4948 795 5066 soleant,
823 4969 875 5046 et
901 4985 1054 5085 quarn
1081 4949 1202 5046 vitai
1227 4947 1374 5084 copia
1398 4919 1543 5067 desit,

390 5124 532 5246 Quos
558 5162 708 5261 opere
735 5124 787 5223 in
814 5122 901 5222 tali
929 5103 1133 5224 cohibet
1156 5124 1231 5226 vis
1255 5123 1470 5261 magna!
1506 5140 1711 5228 necesse
1737 5147 1813 5225 est
