4598 6112
777 479 1475 647 praeuenturus.
1565 651 1568 655 ,
1821 530 1887 647 u
1990 639 1992 642 ,

405 808 519 932 Nee
540 853 675 955 quos·
694 852 919 955 quaeque
940 814 1122 914 ‹la-rent
1144 835 1309 914 motus
1331 812 1578 949 pepigere
1597 809 1851 948 profecto:

404 984 505 1088 Sed
534 987 656 1127 quia
680 988 1008 1108 multimodis,
1036 985 1223 1106 multis,
1245 1007 1453 1104 mutata,
1479 1021 1574 1122 per
1598 981 1768 1089 Omne

403 1157 484 1261 Ex
511 1161 710 1263 infinito
729 1186 979 1265 vexantur
1002 1164 1195 1301 percita
1217 1158 1399 1298 plagis,

404 1332 574 1437 Omne
593 1374 755 1474 genus
780 1358 948 1437 motus
974 1359 1027 1438 et
1044 1359 1202 1439 emtus
1222 1336 1555 1475 experiunda

272 1477 276 1488 .
400 1509 632 1613 Tandem
652 1511 932 1613 deveniunt
955 1512 1007 1611 in
1026 1513 1171 1613 taleis
1189 1513 1592 1650 disposituras„
1687 1584 1688 1588 κ
1799 1584 1803 1594 -
1877 1506 1882 1513 ’

403 1679 657 1804 Qualibus
683 1683 793 1787 haec
819 1683 970 1789 rebus
996 1686 1223 1786 consistit
1246 1724 1442 1787 summa
1465 1709 1660 1791 ereata:
1760 1723 1761 1727 ‘

285 1863 290 1873 ’
402 1856 472 1959 Et
496 1860 680 1961 multos
705 1861 856 1960 etiam
881 1897 1091 1998 magnos
1117 1883 1311 1962 servata
1334 1897 1429 1998 per
1453 1898 1626 1983 annos,

400 2029 477 2136 Ut
501 2032 653 2134 semel
678 2033 732 2133 in
752 2052 924 2135 'motus
949 2034 1175 2172 conjecta
1198 2057 1276 2134 est
1298 2036 1697 2153 convenienteis,

401 2204 588 2328 Efficit,
615 2230 675 2307 ut
699 2207 852 2344 largis
877 2208 1247 2355 avidummare
1269 2211 1493 2312 fluminis
1512 2181 1663 2314 undis

400 2377 669 2519 integrent
692 2419 880 2502 amnes,
907 2405 960 2482 et
984 2383 1099 2484 solis
1124 2404 1259 2484 terra
1282 2419 1468 2521 vapore
1525 2407 1528 2413 ’
1565 2442 1592 2492 ,0

255 2686 260 2704 ι
401 2553 528 2655 Fota
552 2577 703 2657 novet
727 2553 895 2675 foetus,
922 2558 1285 2698 summissaque
1311 2592 1437 2698 gens
1462 2558 1779 2663 animantum

401 2725 616 2849 Floreat,
643 2751 696 2829 et
720 2730 891 2832 vivant
913 2731 1141 2834 labentes
1166 2732 1368 2836 aetheris
1392 2735 1551 2872 ignes.
1854 2725 1856 2729 ⁵

400 2876 556 3024 Quod
581 2903 724 3004 nullo
748 2902 972 3009 facerent
995 2931 1160 3045 paeto,
1186 2908 1283 3010 nisi
1307 2911 1536 3010 materiai

399 3073 480 3178 Ex
499 3078 699 3185 infinito
724 3077 942 3180 suboriri
965 3082 1111 3220 copia
1136 3105 1323 3219 posset,
1425 3148 1430 3155 ·

398 3252 552 3357 Unde
578 3255 759 3362 amissa
778 3254 945 3357 solent
969 3238 1199 3392 reparari
1216 3257 1271 3359 in
1294 3261 1523 3395 tempore
1550 3266 1775 3399 quoque.
1885 3280 1889 3289 ’

468 3420 606 3529 Nam
630 3427 799 3533 veluti,
812 3427 1148 3565 privatapcibo'
1172 3434 1354 3557 natura
1377 3432 1691 3542 animantum

398 3605 604 3708 Diffluit
628 3606 863 3707 amittens
881 3641 1081 3741 corpus,
1109 3601 1179 3705 sio
1203 3605 1373 3705 omnia
1396 3602 1586 3712 debent

399 3767 635 3902 Dissolvi,
663 3781 813 3882 simul
838 3818 896 3881 ao
922 3777 1109 3878 defecit
1132 3778 1456 3915 suppeditare
1516 3781 1521 3816 ¹
1609 3820 1612 3826 ·
1749 3863 1753 3870 .

399 3955 641 4057 Materies
659 3977 798 4055 reeta
822 3954 1028 4090 regione
1047 3988 1221 4052 aversa
1241 3952 1355 4073 viai.
1526 4036 1528 4041 .
1639 4030 1700 4077 ,.
1774 4076 1777 4082 ¹

468 4128 520 4230 N
526 4163 582 4229 ec
606 4128 776 4266 plagae
799 4147 1008 4264 possent
1030 4124 1341 4227 extrinsecus
1359 4129 1597 4269 undique·
1613 4170 1862 4237 summam

374 4304 707 4408 Conservam
730 4340 949 4423 omnem,
977 4337 1301 4441 quaeeunque
1325 4304 1410 4402 est·
1425 4301 1704 4431 conciliata.
1870 4320 1874 4328 ’

399 4478 602 4583 Cudere
628 4479 764 4579 enim
789 4475 966 4579 crebro
989 4496 1234 4613 possunt,¹
1244 4499 1548 4618 partemque
1573 4482 1773 4602 morari,

398 4616 541 4756 Dum
558 4653 768 4755 veniant
787 4633 916 4771 alise,
943 4647 1000 4750 ae
1025 4644 1253 4787 suppleri
1277 4688 1473 4754 summa
1500 4677 1718 4792 queatur
1733 4696 1750 4755 ε.

311 4810 318 4818 .
396 4827 659 4940 Interdum
685 4825 876 4927 resilire
899 4847 1361 4963 tamencoguntur,
1387 4848 1441 4927 et
1464 4817 1598 4927 una⁸
1674 4890 1679 4897 ·
1739 4894 1743 4902 ·
1882 4864 1885 4871 ⁴

396 5002 665 5140 Principiis
690 5039 858 5105 rerum
884 5001 1104 5149 spatium
1127 5021 1432 5139 tempusque
1457 4999 1607 5139 fugai
1675 5124 1677 5128 ¹
1772 5076 1789 5107 .

397 5175 614 5316 Larglrl,
639 5178 968 5316 utpossinta
991 5198 1124 5280 coetu
1149 5176 1310 5279 libera
1333 5176 1468 5279 ferri.
1558 5257 1579 5268 ,Α
1628 5261 1636 5268 ,.
1678 5258 1720 5268 ,Α

852 5356 856 5365 “
1111 5354 1161 5403 02
