4598 6112
421 478 523 573 188
745 479 805 566 Τ.
875 478 1310 574 LUCRETII
1376 486 1590 579 CARI

419 735 647 872 Vitigeni
674 735 874 836 laticem
903 741 1203 843 mortalibus
1228 742 1535 873 instituisse3
1682 841 1687 851 .

418 909 588 1031 Quom
616 934 783 1011 tamen
814 910 892 1012 his
918 938 1087 1051 posset
1112 917 1219 1018 sine
1244 918 1397 1020 rebus
1419 925 1520 1022 vita
1543 958 1775 1028 manere:

417 1083 492 1188 Ut
517 1085 652 1185 fama
677 1110 753 1188 cst
777 1088 976 1227 aliquas
1003 1093 1153 1191 etiam
1181 1131 1316 1195 nunc
1343 1096 1506 1198 vivere
1531 1105 1741 1239 genteis.

370 1252 373 1259 ¹
414 1261 487 1360 At
514 1259 643 1361 bene
672 1301 773 1362 non
801 1286 1003 1400 poterat
1029 1268 1136 1367 sine
1163 1305 1293 1406 puro
1318 1294 1521 1409 pectore
1546 1278 1662 1380 vivi.

248 1532 252 1541 ,
417 1430 537 1553 Quo
565 1435 726 1572 magis
752 1433 833 1535 lric
860 1438 1040 1537 merito
1066 1438 1213 1538 nobis
1240 1438 1383 1544 Deus
1408 1484 1514 1548 esse
1539 1450 1741 1554 videtur
1757 1493 1770 1576 ;

414 1603 497 1707 Ex
524 1647 629 1746 quo
656 1648 790 1710 nunc
817 1610 968 1710 etiarn
996 1649 1088 1750 per
1113 1651 1321 1753 magnas
1346 1616 1507 1722 didita
1530 1626 1726 1762 genteis

416 1779 602 1887 Dulcia
628 1786 948 1922 permulcent
972 1790 1164 1889 animos
1189 1791 1364 1891 solatia
1388 1795 1521 1898 vitae.

485 1959 723 2063 Herculis
749 1964 989 2064 antistare
1015 1987 1184 2064 autem
1211 1964 1252 2063 si
1278 1962 1411 2067 facta
1435 1972 1656 2108 putabis,

413 2133 641 2276 Longius
667 2178 696 2238 a
722 2177 838 2239 vera
865 2141 1024 2240 multo
1050 2140 1244 2239 ratione
1269 2138 1459 2244 ferere:

410 2310 552 2432 Quid
581 2310 858 2414 Nemeaeus
885 2316 1019 2415 enim
1047 2313 1193 2415 nobis
1218 2356 1354 2418 nunc
1380 2357 1595 2458 magnus
1620 2322 1787 2428 hiatus

409 2485 504 2590 llle
531 2489 690 2588 leonis
716 2486 930 2609 obesset,
957 2512 1009 2590 et
1033 2488 1243 2592 horrens
1267 2491 1520 2594 Arcadius
1547 2500 1660 2598 susl

408 2661 651 2801 Denique
679 2661 803 2799 quid
827 2658 996 2763 Cretae
1021 2685 1213 2786 tauruS,
1244 2664 1562 2807 Lernaeaque
1587 2674 1744 2810 pestis

409 2835 593 2979 Hydra
619 2836 878 2936 venenatis
904 2857 1075 2973 posset
1098 2837 1282 2939 vallata
1300 2840 1553 2946 colubris?

404 3008 611 3137 Quidve
635 3013 908 3151 tripectora
933 3013 1201 3149 tergemini
1225 3015 1299 3115 vis
1328 3011 1601 3158 Geryonai,

405 3188 476 3294 Et
501 3190 769 3293 Diomedis
793 3192 913 3331 equi
941 3192 1189 3329 spirantes
1213 3189 1422 3292 naribus
1448 3195 1617 3332 ignem

401 3362 653 3489 Thracen,
684 3364 1041 3506 Bistoniasque
1065 3366 1258 3505 plagas,
1280 3390 1436 3504 atque
1457 3363 1648 3469 lamara
1672 3393 1899 3508 propter,

400 3535 691 3681 'l'antopere
717 3539 978 3643 officerent
1003 3537 1179 3642 nobisl
1215 3542 1464 3680 uncisque
1490 3539 1732 3641 timendae

400 3708 681 3853 Unguibus
707 3713 941 3817 Arcadiae
966 3713 1195 3816 volucres
1223 3711 1526 3855 Stymphala
1552 3715 1804 3817 colentes?

398 3886 678 4029 Aureaque
707 3886 1051 4029 Hesperidum
1077 3924 1277 3990 servans
1301 3887 1553 4028 fulgentia
1575 3891 1708 3990 mala

399 4060 582 4203 Asper,
611 4062 793 4165 ucerlra
816 4085 981 4183 tuens,
1010 4062 1213 4165 immani
1241 4100 1450 4202 corpore
1475 4101 1699 4202 serpens,

398 4234 611 4341 Arboris
637 4237 902 4376 amplexus
929 4236 1167 4377 stirpem3
1206 4238 1334 4379 quid
1360 4239 1583 4377 denique
1610 4238 1823 4363 obesset,

400 4410 619 4555 Propter
642 4412 957 4515 Atlantanurn
982 4412 1141 4533 littae,
1168 4413 1452 4552 pelagoque
1475 4448 1664 4534 severa,

397 4583 1893 4731 Quonequenosteraditquisquam‚nequebarbarusaudetl

396 4760 597 4869 Cretera
622 4761 686 4867 ‹l'e
711 4800 898 4905 genere
924 4758 1019 4864 hoc
1045 4800 1164 4903 quae
1189 4783 1309 4863 sunt
1331 4782 1566 4900 portenta
1590 4786 1872 4901 perempta,

394 4938 448 5042 Si
476 4976 578 5041 uon
605 4940 737 5045 victa
761 4936 942 5063 forent,
969 4939 1096 5079 quid
1122 4936 1328 5039 tandem
1352 4937 1465 5039 viva
1490 4940 1760 5039 nocerentl

394 5110 504 5233 Nil,
536 5138 590 5217 nt
615 5117 827 5257 opinor:
868 5116 939 5218 ita
964 5113 1028 5217 ad
1055 5115 1283 5217 satiatem
1306 5133 1443 5213 terra
1466 5108 1687 5214 ferarum
