4598 6112
734 494 1061 586 „moun
1124 493 1550 589 scurrus·
1798 485 1868 611 99

375 754 477 863 ch
503 759 725 861 exsultat
748 756 884 856 enirn
907 790 1079 893 pavor,
1106 789 1165 854 ac
1188 777 1383 857 metus:
1410 753 1519 859 haee
1537 757 1648 858 loca
1673 757 1861 869 circum

374 931 592 1035 Laetitiae
616 931 874 1037 mulcent:¹
911 926 993 1029 hle
1016 964 1139 1066 ergo
1166 966 1308 1037 mens
1333 932 1637 1073 animusque
1662 956 1779 1051 est„
1845 1044 1849 1050 ,
1903 1051 1907 1056 .

331 1144 346 1171 ·
374 1105 574 1210 Caetera
597 1106 715 1245 pais
741 1104 923 1259 anirnae
943 1138 1041 1239 per
1062 1122 1229 1203 totum
1255 1104 1430 1206 dissita
1455 1145 1639 1245 eorpus

374 1279 556 1405 Paret3
594 1279 736 1381 etad
761 1315 951 1383 numen
976 1277 1174 1395 mentis,
1200 1315 1507 1420 momenque
1533 1292 1794 1388 movetur:

371 1453 543 1592 quue
568 1452 664 1554 sibi
689 1452 850 1552 solnm
870 1435 964 1590 per
989 1487 1040 1550 se
1060 1453 1208 1590 sapit,
1235 1475 1287 1553 et
1310 1452 1408 1555 sibi
1433 1457 1626 1595 gaudet
1640 1500 1654 1583 ;

370 1627 719 1773 Quomneque
735 1666 813 1731 res
829 1626 1861 1768 enimam‚neque'corpuscommovetitlla

369 1803 440 1905 Et
464 1805 610 1943 quasi
636 1841 793 1942 quom
819 1823 974 1938 caput
998 1822 1089 1902 aut
1111 1802 1304 1923 oculus,
1331 1825 1560 1951 tentante
1588 1805 1778 1929 dolore,

369 1974 605 2078 Laeditur
627 1977 681 2075 iu
706 1973 870 2096 nobis,
897 2013 1001 2076 nou
1026 1976 1165 2102 omni
1189 1971 1575 2081 concruciamur

372 2149 629 2288 Corpore:
667 2149 737 2250 sic
762 2151 964 2250 animus
986 2186 1360 2291 nonnunquam
1385 2152 1591 2254 laeditur
1615 2154 1739 2291 ipse,

369 2324 676 2464 Laetitiaque
699 2326 854 2464 viget,
881 2362 1037 2464 quom
1064 2346 1246 2426 caetera
1271 2363 1386 2464 pars
1412 2328 1597 2430 animai
1677 2440 1680 2446 ,

371 2500 472 2604 Per
496 2498 724 2602 membra
747 2522 905 2639 atque
930 2522 1068 2600 artus
1093 2499 1237 2603 nulla
1253 2502 1475 2605 novitate
1503 2503 1679 2606 cietur.

371 2660 571 2779 Verum
594 2673 686 2777 ubi
704 2673 993 2777 vehementi
1009 2675 1171 2813 magis
1186 2646 1263 2779 est
1277 2699 1528 2778 commota
1546 2699 1686 2794 metu
1698 2715 1864 2800 mene,

272 2908 285 2933 ·
372 2847 671 2952 Consentire
696 2851 916 2951 animam
931 2872 1099 2951 -totam
1123 2887 1218 2988 per
1242 2849 1469 2953 membra
1491 2851 1721 2955 videmus
1741 2894 1757 2978 3

331 3078 333 3083 ·
368 3024 596 3127 Sudores
615 3024 793 3164 itaque
818 3047 870 3125 et
894 3025 1141 3164 pallorem
1167 3027 1407 3129 exsistere
1433 3048 1545 3126 toto·

371 3197 618 3338 Corpore,
646 3222 698 3300 et
721 3200 933 3345 infringi
956 3200 1203 3338 linguam,
1229 3239 1508 3340 vocemque
1535 3200 1745 3325 aboriri,

371 3374 604 3515 Caligare
629 3376 818 3494 oeulos,
845 3412 1021 3476 sonere
1047 3375 1229 3496 aureis,
1256 3374 1514 3498 succidere
1531 3398 1695 3494 artus.
1727 3458 1733 3483 ,.
1830 3408 1833 3414 ·

441 3549 683 3689 Denique
704 3546 967 3652 concidere
994 3587 1061 3648 ex
1085 3548 1239 3651 animi
1264 3570 1454 3649 terrore
1480 3551 1712 3653 videmus
1784 3628 1785 3631 κ
1830 3589 1833 3593 ·

371 3725 519 3863 Saepe
541 3722 800 3847 homines.
815 3723 962 3863 facile
988 3745 1052 3848 ut
1072 3722 1239 3862 quivis
1265 3720 1384 3824 hino
1409 3762 1613 3825 noscere
1638 3726 1828 3862 possit,x

1744 3868 1766 3905 2

364 3898 493 4003 Esse
536 3899 752 4000 animam
792 3937 910 4000 eum
948 3898 1114 3998 animo
1157 3897 1511 4034 conjunctam5
1548 3938 1664 4038 quae
1704 3936 1861 4039 quom

487 4071 664 4175 'animi
688 4072 741 4174 vi
842 4131 844 4134 ·

238 4320 241 4324 -
371 4246 617 4350 Percussa
642 4269 734 4368 est,
761 4246 890 4346 exin.
907 4284 1088 4384 eorpus
1113 4245 1370 4382 propellit,
1398 4268 1450 4346 et
1473 4247 1576 4351 icit.

406 4443 408 4447 ’
440 4421 579 4539 Haec
596 4421 773 4522 eadem
798 4423 925 4522 ratio
950 4443 1186 4565 naturam
1212 4420 1383 4540 animi,
1411 4442 1566 4558 atque
1593 4421 1779 4551 animai

373 4595 684 4735 Corporeum
707 4597 855 4698 docet
870 4635 1010 4698 esse:
1035 4593 1126 4697 ubi
1143 4594 1277 4693 enirn
1303 4593 1589 4734 propellere
1616 4592 1860 4717 membra,

271 4768 273 4773 ’
372 4767 650 4909 Conripere
675 4809 745 4870 ex
765 4808 950 4871 somno.
965 4807 1168 4907 corpuS,
1194 4789 1494 4906 mutarequp
1520 4744 1741 4887 voltum,¹
1821 4878 1824 4888 ,

367 4946 542 5082 Atque
567 4942 824 5045 hominem
850 4962 1013 5047 toturn
1038 4981 1215 5082 regere
1241 4947 1298 5073 ac
1323 4981 1520 5045 versare
1544 4945 1777 5070 videtur„
1821 4984 1824 4991 ·

370 5117 634 5257 (Quorum
658 5119 876 5223 nil'fieri.
893 5119 1000 5224 sine
1025 5140 1165 5220 tactu
1190 5112 1338 5257 posse
1362 5116 1610 5240 videmus²
1720 5200 1727 5213 .

1089 5303 1108 5345 0
1123 5297 1141 5346 2
