4598 6112
454 547 567 666 970ι
787 545 845 633 r.
914 541 1343 634 cucanrrr
1411 538 1621 631 cunr

455 807 750 909 Pcrcolatur
777 803 913 903 enim
938 803 1092 924 virus,
1119 825 1359 941 retroque
1385 820 1636 939 remanat
1733 859 1737 870 ·

459 979 701 1081 Materies
726 977 969 1097 humoris,
996 1000 1048 1077 et
1071 977 1134 1077 ad
1162 999 1318 1115 caput
1343 971 1577 1075 amnibus
1601 954 1765 1072 omnis

462 1151 718 1254 Confluit:
758 1153 877 1253 inde
904 1189 1055 1289 super
1079 1176 1237 1251 terras
1263 1149 1396 1249 redit
1422 1147 1624 1285 agmine
1653 1146 1810 1267 dulci,

428 1444 431 1453 ,
463 1323 583 1445 Qua
600 1324 681 1426 via
706 1314 839 1423 secta
865 1324 1016 1422 semel
1042 1324 1240 1463 liquido
1267 1323 1398 1461 pede
1426 1322 1611 1423 detulit
1635 1322 1814 1424 undas.
1947 1434 1949 1438 ¹

533 1499 690 1601 Nunc
714 1499 843 1597 ratio
873 1534 991 1632 quae
1015 1498 1099 1619 sit,
1121 1535 1215 1634 per
1239 1496 1427 1597 fauceis
1453 1498 1636 1597 montis
1663 1519 1724 1600 ut
1746 1497 1922 1598 AEtnae

464 1675 742 1812 Exspirent
765 1673 909 1809 ignes
936 1670 1193 1771 interdum
1218 1670 1422 1771 turbine
1448 1695 1608 1793 tauto,

465 1835 784 1984 Erpediam:
822 1882 991 1983 neque
1018 1846 1153 1945 enim
1179 1846 1352 1946 diade
1380 1846 1522 1946 clade
1549 1869 1719 1947 coorta

467 2019 708 2142 Flammae
736 2040 1007 2157 tempestas
1034 2019 1262 2120 Siculflm
1288 2021 1545 2122 dominata
1570 2058 1663 2159 per
1687 2059 1836 2161 agros

467 2193 720 2294 Finitimis
744 2193 809 2293 ad
836 2232 887 2295 se
913 2195 1159 2294 convertit
1184 2193 1423 2331 gentibus
1448 2234 1552 2316 ora,

462 2365 685 2469 'Fumida
711 2355 871 2508 quom
897 2368 1007 2469 coeli
1033 2368 1305 2467 scintillare
1328 2368 1499 2469 omnia
1524 2372 1717 2507 templa

472 2541 755 2643 Cernentes
777 2541 961 2680 pavida
986 2539 1309 2678 complebant
1333 2567 1540 2681 pectora
1566 2584 1707 2666 cura,

473 2716 614 2842 Quiri
639 2720 904 2819 moliretur
927 2752 1098 2817 rerum
1123 2737 1309 2817 natura
1333 2757 1594 2824 novarum.

400 2892 401 2896 Ν
443 2915 447 2922 ’
543 2892 700 2995 Hisce
724 2890 819 2993 tibi
842 2891 993 2994 rebus
1019 2892 1120 2992 late
1145 2912 1221 2991 est
1246 2891 1451 3032 alteque
1475 2892 1775 3017 videndum,

473 3065 543 3168 Et
568 3066 717 3205 longe
743 3090 947 3168 cunctas
972 3067 1024 3166 in
1052 3069 1238 3205 parteis
1265 3068 1658 3206 dispiciendum,

473 3243 550 3349 Ut
574 3246 926 3362 reminiscaris,
954 3278 1199 3342 summam
1226 3279 1396 3342 rerum
1421 3280 1525 3342 esse
1550 3244 1903 3379 profundam,

475 3415 546 3521 Et
568 3417 754 3537 videas„
781 3415 962 3517 coelum
988 3421 1201 3513 summai
1225 3416 1380 3514 totius
1405 3455 1563 3517 unum

478 3591 646 3712 Quam
674 3592 738 3690 sit
762 3590 970 3727 parvola
994 3627 1126 3727 pars,
1151 3611 1204 3688 et
1229 3627 1383 3727 quam
1408 3590 1695 3692 multesima
1719 3618 1947 3724 constet:

479 3763 592 3867 Nec
611 3787 717 3865 tota
741 3802 874 3902 pars,
891 3759 1054 3876 bomo,
1069 3769 1221 3862 terrai
1249 3786 1407 3900 quota
1431 3765 1586 3865 totius
1613 3806 1759 3871 unua.

480 3935 633 4057 Quod
660 3936 789 4036 bene
816 3937 1129 4074 propositum
1157 3936 1197 4037 si
1223 3936 1376 4073 plane
1402 3961 1691 4062 contueare,

478 4111 555 4213 Ac
580 4111 750 4213 videas
764 4112 957 4269 plaue3
996 4110 1167 4210 mirari
1194 4109 1355 4210 multa
1380 4112 1654 4251 relinquas
2061 4246 2069 4255 ·

552 4284 693 4388 Num
723 4283 837 4423 quis
862 4287 995 4386 enim
1022 4285 1250 4386 nostrum
1276 4284 1505 4407 miratur,
1534 4287 1693 4425 siquis
1718 4288 1772 4388 iu
1797 4312 1941 4391 artus

481 4461 696 4599 Accepit
720 4460 882 4561 calido
907 4458 1092 4559 febrim
1117 4459 1313 4559 fervore
1339 4483 1580 4582 coortam,
2056 4439 2058 4442 Α

481 4634 592 4737 Aut
615 4635 771 4735 alium
799 4632 1028 4773 quemvis
1053 4629 1217 4733 morbi
1243 4667 1336 4767 per
1360 4632 1585 4734 membra
1611 4635 1834 4737 dolorem
1849 4639 1871 4736 l

487 4806 819 4945 Obturgescit
844 4805 978 4904 enim
1004 4803 1170 4905 subito
1195 4844 1303 4945 pes,
1330 4809 1509 4945 arripit
1533 4848 1647 4912 acer

487 4981 635 5119 Saepe
662 4983 806 5083 dolor
831 4981 1041 5103 denteis,
1056 4984 1240 5092 ,oculos
1267 4983 1461 5084 invadit
1485 4983 1538 5083 iu
1563 4985 1732 5121 ipsos:

488 5148 701 5262 Exsistit
724 5195 861 5262 sacer
884 5157 1036 5300 ignis,
1062 5180 1113 5257 et
1137 5159 1242 5261 urit
1266 5194 1474 5297 corpore
1500 5195 1707 5299 serpens
