4598 6112
491 488 592 580 208
833 488 893 576 Τ.
947 485 1373 577 LUCRETII
1422 481 1634 573 CARI

492 742 1992 886 Praecipere‚lraudquaquarnestpedetentinrprogredicntis.

560 920 822 1058 Terraque
849 944 905 1021 ut
932 921 979 1019 in
1008 919 1175 1021 media
1201 919 1378 1018 mundi
1404 922 1610 1057 regione
1638 921 1879 1059 quiescat,

493 1096 804 1199 Evaneseere
829 1095 1109 1234 paullatim,
1138 1115 1189 1191 et
1215 1091 1499 1196 decrescere
1526 1094 1726 1233 pondus

494 1267 773 1398 Convenit:
814 1292 967 1407 atque
993 1268 1141 1365 aliani
1169 1288 1400 1366 naturam
1423 1269 1597 1368 subter
1621 1264 1808 1366 habere

493 1443 572 1543 Ex
600 1445 809 1545 ineunte
835 1482 941 1542 aevo
968 1441 1304 1578 conjunctam,
1332 1463 1485 1579 atque
1512 1444 1681 1543 uniter
1705 1463 1873 1578 aptam

492 1615 729 1718 Partibus
755 1619 900 1717 aeriis
919 1618 1119 1737 ‚rnundi‚
1148 1614 1335 1753 quibus
1361 1618 1509 1716 insita
1533 1617 1669 1718 sidit.

492 1788 767 1928 Propterea
794 1832 892 1890 non
921 1815 996 1890 est
1020 1790 1177 1907 oneri,
1206 1827 1372 1926 neque
1399 1790 1640 1930 deprimit
1664 1827 1839 1912 auras3

490 1964 565 2066 Ut
584 1968 915 2105 suaquoiqne
942 1965 1132 2064 homini
1159 1965 1300 2065 nullo
1327 1990 1445 2065 sunt
1471 1967 1694 2102 pondere
1722 1960 1977 2063 membra:

489 2137 537 2239 N
547 2179 602 2238 ec
628 2163 782 2276 caput
807 2163 882 2238 est
906 2140 1045 2238 oneri
1071 2138 1215 2258 collo,
1242 2178 1334 2239 nec
1361 2140 1582 2279 denique
1608 2163 1769 2240 toturn

491 2310 729 2451 Corporis
757 2316 804 2413 in
834 2312 1051 2451 pedibus
1078 2314 1276 2449 pondus
1303 2318 1545 2415 sentirnus
1572 2318 1749 2417 inesse.

486 2489 558 2586 At
585 2526 906 2625 quaecunque
932 2485 1052 2585 foris
1078 2487 1302 2606 veniunt,
1331 2490 1649 2626 impostaque
1677 2487 1821 2588 nobis

488 2659 723 2760 Pondera
748 2683 880 2779 sunt,
909 2660 1107 2760 laedunt
1131 2662 1384 2795 permulto
1411 2701 1544 2799 saepe
1571 2665 1791 2762 rninora:

487 2833 793 2973 Usqneadeo
819 2836 990 2971 magni
1016 2832 1185 2955 refert,
1213 2837 1333 2973 quoi
1360 2875 1477 2973 qnae
1503 2836 1728 2972 adjaceat
1752 2872 1847 2934 res.

488 3010 570 3110 Sic
597 3013 755 3148 igitur
779 3011 929 3109 tellus
955 3047 1056 3108 non
1082 3031 1157 3108 est
1183 3009 1346 3108 aliena
1371 3033 1579 3159 repente

485 3172 689 3302 Adina
716 3208 869 3321 atque
896 3184 1029 3282 auris
1056 3181 1260 3281 aliunde
1286 3181 1484 3319 objecta
1509 3184 1712 3282 alienis:

488 3357 586 3456 Sed
619 3360 805 3494 pariter
830 3359 995 3494 prima
1020 3380 1262 3492 concepta
1287 3357 1350 3456 ab
1377 3361 1571 3497 origine
1599 3359 1806 3482 rnundi3

487 3530 742 3669 Certaque
768 3571 884 3670 pars
911 3531 1034 3668 ejus
1063 3533 1206 3668 quasi
1234 3530 1379 3631 nobis
1405 3532 1647 3653 membra,
1671 3534 1887 3643 ridetur.

556 3691 808 3807 Praeterea
833 3706 1011 3843 grandi
1040 3708 1229 3806 tonitru
1259 3747 1498 3809 concussa
1523 3731 1730 3845 repente

483 3879 657 4001 Terra,
686 3920 838 4020 supra
864 3920 914 3981 se
942 3888 1057 4018 qu'ae
1083 3905 1217 4002 sunt,
1246 3885 1469 3983 concutit
1494 3883 1663 3982 omnia
1687 3907 1859 3984 motu:
1974 3940 1978 3945 ·

487 4056 638 4176 Quod
667 4057 829 4155 facere
855 4052 994 4153 haud
1021 4055 1125 4189 ulla
1149 4053 1551 4191 penetratione,
1579 4059 1672 4158 nisi
1700 4081 1831 4158 esset

485 4230 723 4331 Partibus
748 4231 895 4330 a'eriis
921 4229 1114 4345 mundi,
1143 4230 1371 4366 coeloque
1395 4230 1645 4330 revincta:

485 4405 620 4507 Narn
649 4403 999 4504 communibus
1025 4405 1157 4502 inter
1182 4442 1233 4502 se
1259 4402 1512 4503 radicibus
1538 4402 1735 4506 haerent

483 4577 560 4679 Ex
590 4580 797 4677 ineunte
824 4575 1239 4711 aevo‘conjuncta,
1266 4599 1422 4712 atque
1448 4579 1618 4677 uniter
1642 4602 1777 4716 apta.

483 4754 671 4854 Nonne
697 4750 836 4849 vides
863 4749 1029 4865 etiam,
1058 4786 1210 4885 quarn
1239 4788 1422 4886 magno
1449 4751 1672 4888 pondere
1698 4754 1843 4856 nobis

483 4928 738 5026 Sustineat
762 4963 945 5062 corpus
970 4926 1262 5024 tenuissima
1288 4927 1359 5023 vis
1385 4926 1584 5045 animai,

441 5118 463 5163 ‘
481 5099 757 5236 Propterea
777 5101 897 5237 quia
916 5123 1020 5199 ‚tarn
1042 5098 1326 5236 conjuncta,
1348 5122 1502 5237 atque
1524 5103 1691 5201 uniter
1707 5129 1828 5241 apta
1847 5112 1952 5209 esti
