4598 6112
748 538 1024 630 LIBER
1087 536 1510 636 QUARTUS·
1778 535 1875 636 183

376 797 715 910 Protrahere
704 839 755 900 1n
781 801 963 919 lucem,
986 821 1141 937 atque
1162 802 1354 901 omneis
1380 803 1650 940 anquirere
1676 805 1847 909 nisus:

375 970 505 1072 Et
470 1011 509 1072 s1
534 971 669 1076 bello
696 976 864 1075 animo
889 998 981 1096 est,
1009 997 1061 1075 et
1085 1013 1187 1074 non
1213 975 1457 1076 odiosa
1413 962 1646 1098 uicissim,

249 1212 259 1235 ·
374 1144 738 1251 Praetermittet
762 1173 812 1250 tc
839 1149 1073 1250 humanis
1098 1150 1375 1250 concedere
1394 1149 1562 1254 rebus.

447 1322 500 1425 N
505 1363 560 1425 ec
588 1326 769 1425 mulier
794 1363 993 1462 semper
1018 1325 1137 1425 ficto
1163 1327 1383 1462 suspirat
1407 1365 1591 1446 amore,

377 1496 509 1619 Quae
535 1501 801 1638 complexa
825 1483 926 1601 viri
944 1538 1127 1637 corpus
1154 1536 1268 1599 oum
1296 1538 1505 1638 corpore
1523 1502 1728 1641 jungit3

376 1672 445 1775 Et
470 1699 612 1775 tenet
635 1675 857 1785 adsuctis
884 1675 1181 1797 humectans
1205 1674 1377 1774 oscula
1401 1675 1589 1778 labris:

334 1911 340 1921 ·
377 1848 516 1951 Nam
541 1852 662 1952 facit
686 1889 750 1986 ex
775 1852 943 1951 animo
969 1885 1120 1984 saepe,
1149 1871 1201 1948 et
1226 1850 1513 1950 communia
1540 1888 1775 1989 quaerens
1848 1940 1862 1973 ,

378 2022 595 2145 Gaudia,
623 2026 860 2127 sollicitat
884 2024 1105 2161 spatium
1133 2023 1399 2124 decurrere
1425 2027 1623 2127 amoris
1828 2014 1832 2022 ¹

377 2199 490 2302 Nec
516 2203 708 2302 ratione
734 2202 832 2301 alia
855 2201 1098 2319 volucres,
1126 2222 1370 2319 armenta,
1398 2199 1642 2340 feraeque,

376 2375 446 2476 Et
470 2377 710 2515 pecudes,
739 2398 790 2474 ct
815 2411 963 2513 equae
990 2373 1212 2480 maribus
1239 2376 1500 2488 subsidere
1526 2401 1747 2514 possent,

377 2550 431 2651 Si
458 2591 575 2673 non,
605 2554 714 2689 ipsa
739 2549 886 2689 quod
905 2550 1107 2650 illorum
1134 2550 1299 2674 subat,
1327 2553 1472 2652 ardet
1496 2550 1763 2654 abundans

343 2810 347 2815 .
378 2723 596 2846 Natura,
624 2748 676 2825 et
700 2761 934 2826 venerem
961 2722 1229 2826 salientum
1255 2727 1372 2827 laeta
1397 2749 1649 2829 retractat.

378 2900 429 3002 N
435 2943 567 3004 oune
592 2905 732 3005 vides
758 2904 925 3020 etiam,
955 2939 1083 3038 quos
1110 2923 1289 3002 mutua
1315 2940 1448 3040 saepc
1473 2904 1707 3041 voluptas
1809 3014 1814 3024 ,

375 3077 573 3200 Vinxit,
594 3102 653 3179 ut
678 3081 729 3179 in
754 3079 931 3180 vinclis
957 3075 1309 3194 communibus
1336 3078 1721 3183 excrucientur?

377 3251 438 3353 ln
465 3255 623 3354 triviis
648 3292 753 3353 non
782 3290 917 3390 saepe
942 3250 1090 3385 caue-'s
1116 3250 1372 3352 discedere
1399 3255 1635 3376 aventeis,

377 3424 581 3528 Divorsi
603 3427 793 3566 cupide
818 3428 1026 3542 summis
1052 3467 1116 3527 ex
1139 3419 1332 3530 viribus
1356 3430 1591 3549 tendunt,

378 3600 587 3723 Quom
575 3627 766 3703 interea
790 3603 969 3704 validis
993 3600 1208 3736 Veneris
1234 3583 1564 3758 compagibus
1588 3601 1817 3704 haerent?

377 3776 531 3898 Quod
558 3778 783 3880 facerent
800 3817 1097 3918 numquam,
1123 3780 1218 3879 nisi
1246 3801 1424 3895 mutua
1442 3777 1636 3916 gaudia
1648 3769 1868 3900 nossent,

378 3949 511 4072 Quae
538 3953 738 4053 lacere
726 3993 779 4054 m
804 3952 1036 4054 fraudem
1063 3975 1284 4091 possent,
1309 3954 1608 4095 vinctosque
1625 3957 1814 4054 tenere.

378 4123 552 4246 Quare
589 4130 741 4250 etiam
779 4152 933 4268 atque
971 4132 1123 4230 etiam
1162 4132 1250 4266 (ut
1292 4128 1432 4264 dico)
1471 4151 1546 4229 est
1571 4110 1869 4262 communis

521 4366 524 4372 -
582 4304 832 4442 voluptas.

447 4475 517 4577 Et
542 4479 912 4591 commiscendo
939 4516 1096 4619 quom
1123 4481 1329 4600 semine,
1352 4477 1486 4613 ‘forte
1510 4478 1656 4581 virile
1758 4467 1763 4476 ’

377 4649 604 4753 Foemina
628 4655 674 4755 vi
694 4656 880 4756 mulxit
904 4655 1089 4773 subita,
1114 4657 1164 4759 vi
1191 4656 1581 4792 conripuitque3

373 4824 509 4929 Tum
535 4828 721 4928 similes
746 4851 965 4943 matrum
993 4853 1219 4951 materno
1246 4832 1434 4930 semine
1460 4831 1593 4929 fiunt
1608 4871 1622 4954 ;
1715 4802 1744 4955 ,i

381 5005 452 5110 Ut
474 5005 708 5143 patribus
732 5008 928 5144 patrio:
969 5009 1057 5109 sed
1085 5046 1215 5148 quos
1237 5007 1507 5145 utriusque
1532 5008 1713 5144 figurae

375 5179 499 5282 Esse
524 5183 664 5299 vides
681 5182 892 5322 juxtim,
920 5184 1206 5328 miscentcis
1229 5182 1373 5302 volta
1389 5162 1704 5326 parentum,¹
1751 5305 1755 5310 .
