4598 6112
728 502 731 509 ’
804 497 1082 601 LIBER
1144 496 1546 591 TERTIUS.
1797 497 1895 608 129

399 755 433 860 J
438 796 518 859 aur
535 756 854 858 desiderium
880 755 1065 889 insidet
1090 792 1258 855 rerum
1284 728 1494 895 insuper
1518 796 1636 859 una.

404 929 560 1051 Quod
586 930 717 1032 bene
744 933 784 1031 si
810 930 1017 1032 videant
1040 930 1223 1051 anime,
1252 930 1826 1070 dictisque‘sequantur,

373 1118 377 1125 ’
402 1104 697 1207 Dissolvant
722 1107 875 1207 animi
896 1134 1091 1244 magno·
1110 1144 1161 1204 se
1188 1145 1375 1252 angore
1403 1129 1665 1246 metuque.

399 1275 481 1379 Tu
510 1280 719 1420 quidem
741 1303 803 1387 ¹ut
827 1319 879 1381 es
903 1277 1042 1378 letho
1069 1282 1276 1415 sopitus,
1305 1282 1374 1380 sic
1400 1282 1496 1380 eris
1521 1281 1616 1382 aevi
1699 1256 1703 1262 ⁵

404 1450 559 1572 Quod
587 1476 817 1592 superest
843 1455 1036 1557 cunetis
1060 1455 1287 1590 privatus
1312 1453 1572 1586 doloribus
1599 1453 1776 1591 aegris.

399 1630 473 1728 At
497 1667 587 1730 nos
613 1628 849 1733 horrifico
875 1626 1176 1747 cinefactum
1203 1652 1253 1728 te
1279 1665 1438 1788 prope
1463 1627 1615 1729 busto

402 1767 764 1907 Insatiabiliter
789 1799 1106 1950 deflebimus,
1133 1825 1484 1942 aeternumque

402 1974 566 2078 Nulla
591 1978 697 2078 dies
722 1975 868 2078 nobis
894 2013 1156 2076 moerorem
1182 2014 1208 2076 e
1236 2000 1438 2113 pectore
1464 1976 1652 2079 demet.

401 2149 540 2252 lllud
567 2150 630 2252 ab
656 2151 751 2253 hoc
776 2152 934 2290 igitur
959 2149 1297 2288 quaerendum
1324 2172 1415 2271 est,
1443 2150 1570 2289 quid
1598 2153 1662 2251 sit
1687 2152 1844 2271 amari
1997 2150 2001 2157 “

398 2295 703 2464 Tantopcre,
732 2325 795 2426 ad
823 2353 1053 2428 somnum
1080 2325 1120 2425 si
1145 2362 1224 2424 res
1250 2324 1398 2444 redit,
1426 2348 1581 2465 atque
1609 2327 1850 2464 quietem,

403 2497 510 2600 Cur
536 2502 807 2639 quisquam
834 2522 1024 2601 aeterno
1050 2500 1210 2638 possit
1232 2497 1489 2615 tabescere
1515 2500 1692 2602 luctul

471 2673 587 2775 Hoc
612 2675 766 2775 etiam
790 2672 1001 2793 faciunt,
1027 2670 1118 2773 ubi
1144 2644 1460 2794 discubuere,
1483 2696 1768 2867 tenentque

401 2847 592 3005 Pocula
616 2886 750 2992 saepe
776 2847 1021 2968 hominm,
1048 2868 1100 2946 et
1122 2845 1419 2949 inumbrant
1442 2886 1530 2948 ora
1555 2848 1768 2970 coronis,
1855 2950 1869 2973 ⁴

402 3021 485 3124 Ex
511 3027 678 3126 animo
704 3048 765 3125 ut
789 3023 976 3143 dicant,
1003 3019 1169 3122 brevis
1194 3019 1276 3177 hic
1301 3043 1377 3121 est
1399 3020 1595 3178 fructus
1620 3002 1889 3137 homullis:

399 3196 433 3300 J
437 3237 518 3301 am
544 3198 714 3319 fuerit,
740 3235 910 3375 neque
935 3218 1063 3345 post
1074 3234 1304 3335 unquam
1330 3218 1564 3299 revocare
1589 3159 1780 3300 licebit.
1870 3314 1873 3321 ¹

397 3370 745 3512 'l''anquam1n
769 3360 931 3515 morte
958 3369 1077 3471 mali
1102 3372 1394 3508 cumprimis
1421 3373 1516 3485 hoc
1542 3372 1607 3472 sit
1632 3410 1804 3475 eorum

403 3545 558 3667 Quod
586 3548 692 3648 sitis
717 3568 899 3647 exurat
922 3545 1145 3681 miseros,
1166 3565 1321 3682 atque
1346 3545 1487 3646 arida
1511 3568 1716 3670 torreat,

321 3792 332 3811 ·
398 3722 510 3822 Aut
533 3721 645 3822 aliae
671 3718 817 3856 cujus
843 3694 1149 3820 desiderium
1174 3717 1393 3818 insideat
1415 3712 1505 3821 rei.

228 3978 236 3993 .
333 3934 339 3946 ’
401 3893 516 4015 Nec
543 3893 638 3996 sibi
664 3896 801 3996 euim
827 3896 1097 4032 quisquam
1122 3917 1231 3994 tum
1258 3895 1611 4033 se‚'vitamque
1636 3897 1869 4036 requirit,

400 4067 571 4190 Quom
594 4070 786 4208 pariter
809 4105 952 4168 mens
978 4089 1030 4167 et
1054 4104 1236 4204 corpus
1262 4068 1424 4204 sopita
1450 4070 1748 4206 quiescunt3

403 4243 570 4382 (Nam
594 4244 714 4345 licet
738 4265 984 4385 aeternum
1010 4279 1102 4379 per
1128 4278 1218 4341 nos
1243 4242 1312 4341 sic
1334 4279 1439 4341 esse
1466 4280 1697 4380 soporem
1715 4248 1758 4380 3)

398 4417 452 4520 N
457 4459 514 4520 ec
540 4417 846 4520 desiderium
871 4419 1030 4519 nostri
1054 4454 1146 4516 nos
1171 4415 1356 4553 adtigit
1378 4416 1570 4519 ullum:

290 4606 293 4611 ’
399 4592 469 4697 Et
493 4618 664 4696 tamen
689 4591 1088 4730 haudquaquam
1115 4612 1308 4691 nostros
1333 4613 1458 4727 tunc
1483 4591 1571 4693 illa
1595 4631 1688 4730 per
1713 4617 1852 4697 artus

400 4767 578 4921 Longe
604 4767 669 4871 ab
696 4767 946 4869 sensiferis
970 4764 1248 4903 primordia
1272 4765 1495 4866 motibus
1521 4790 1722 4926 errant3

398 4940 540 5063 Quin
567 4964 838 5095 conreptus
862 4939 1014 5072 homo
1038 4977 1103 5038 ex
1128 4977 1303 5090 somno
1328 4977 1380 5038 se
1406 4941 1653 5123 conligit
1640 4918 1765 5082 ipse.

398 5116 608 5222 Multo
596 5118 754 5255 rgitur
777 5138 992 5267 mortem
1015 5113 1272 5216 minusad
1298 5152 1388 5218 nos
1414 5153 1519 5217 esse
1528 5118 1849 5255 putandum,
