<?xml version="1.0" encoding="UTF-8"?>
<!DOCTYPE html PUBLIC "-//W3C//DTD XHTML 1.0 Transitional//EN"
    "http://www.w3.org/TR/xhtml1/DTD/xhtml1-transitional.dtd">
<html xmlns="http://www.w3.org/1999/xhtml" xml:lang="en" lang="en">
 <head>
  <title>
</title>
<meta http-equiv="Content-Type" content="text/html;charset=utf-8" />
  <meta name='ocr-system' content='tesseract 3.04.00' />
  <meta name='ocr-capabilities' content='ocr_page ocr_carea ocr_par ocr_line ocrx_word'/>
</head>
<body>
  <div class='ocr_page' id='page_1' title='image "./titilucretiicar05carugoog_0079.png"; bbox 0 0 4598 6112; ppageno 0'>
   <div class='ocr_carea' id='block_1_1' title="bbox 455 511 1658 651">
    <p class='ocr_par' dir='ltr' id='par_1_1' title="bbox 455 511 1658 651">
     <span class='ocr_line' id='line_1_1' title="bbox 455 511 1658 651; baseline -0.008 -40"><span class='ocrx_word' id='word_1_1' title='bbox 455 517 546 627; x_wconf 52' lang='lat'>,70</span> <span class='ocrx_word' id='word_1_2' title='bbox 819 516 879 603; x_wconf 82' lang='lat' dir='ltr'>r.</span> <span class='ocrx_word' id='word_1_3' title='bbox 946 511 1381 651; x_wconf 74' lang='lat' dir='ltr'>noenum</span> <span class='ocrx_word' id='word_1_4' title='bbox 1446 511 1658 604; x_wconf 72' lang='lat' dir='ltr'>calu</span> 
     </span>
    </p>
   </div>
   <div class='ocr_carea' id='block_1_2' title="bbox 319 771 2002 4750">
    <p class='ocr_par' dir='ltr' id='par_1_2' title="bbox 479 771 1937 1435">
     <span class='ocr_line' id='line_1_2' title="bbox 480 771 1891 911; baseline -0.002 -35"><span class='ocrx_word' id='word_1_5' title='bbox 480 775 633 897; x_wconf 85' lang='lat' dir='ltr'>Quod</span> <span class='ocrx_word' id='word_1_6' title='bbox 660 812 847 911; x_wconf 83' lang='lat' dir='ltr'>genere</span> <span class='ocrx_word' id='word_1_7' title='bbox 872 813 935 875; x_wconf 90' lang='lat' dir='ltr'>ex</span> <span class='ocrx_word' id='word_1_8' title='bbox 962 810 1066 871; x_wconf 93' lang='lat' dir='ltr'>uno</span> <span class='ocrx_word' id='word_1_9' title='bbox 1093 771 1334 872; x_wconf 84' lang='lat' dir='ltr'>consistat</span> <span class='ocrx_word' id='word_1_10' title='bbox 1357 773 1756 910; x_wconf 86' lang='lat' dir='ltr'>principiorum3</span> <span class='ocrx_word' id='word_1_11' title='bbox 1817 782 1821 792; x_wconf 76' lang='grc'>’</span> <span class='ocrx_word' id='word_1_12' title='bbox 1886 837 1891 847; x_wconf 78' lang='lat'>·</span> 
     </span>
     <span class='ocr_line' id='line_1_3' title="bbox 479 945 1937 1087; baseline 0.001 -37"><span class='ocrx_word' id='word_1_13' title='bbox 479 947 592 1051; x_wconf 88' lang='lat' dir='ltr'>Neo</span> <span class='ocrx_word' id='word_1_14' title='bbox 621 947 923 1087; x_wconf 84' lang='lat' dir='ltr'><strong>quidquam,</strong></span> <span class='ocrx_word' id='word_1_15' title='bbox 951 945 1091 1085; x_wconf 88' lang='lat' dir='ltr'>quod</span> <span class='ocrx_word' id='word_1_16' title='bbox 1118 984 1217 1045; x_wconf 91' lang='lat' dir='ltr'>non</span> <span class='ocrx_word' id='word_1_17' title='bbox 1246 948 1486 1083; x_wconf 85' lang='lat' dir='ltr'>permisto</span> <span class='ocrx_word' id='word_1_18' title='bbox 1512 949 1703 1047; x_wconf 89' lang='lat' dir='ltr'>semine</span> <span class='ocrx_word' id='word_1_19' title='bbox 1729 972 1937 1053; x_wconf 88' lang='lat' dir='ltr'>constet.</span> 
     </span>
     <span class='ocr_line' id='line_1_4' title="bbox 479 1106 1892 1262; baseline -0.001 -37"><span class='ocrx_word' id='word_1_20' title='bbox 479 1122 548 1225; x_wconf 89' lang='lat' dir='ltr'>Et</span> <span class='ocrx_word' id='word_1_21' title='bbox 567 1161 719 1262; x_wconf 87' lang='lat' dir='ltr'>quam</span> <span class='ocrx_word' id='word_1_22' title='bbox 747 1122 980 1261; x_wconf 88' lang='lat' dir='ltr'>quidque</span> <span class='ocrx_word' id='word_1_23' title='bbox 1006 1124 1165 1260; x_wconf 87' lang='lat' dir='ltr'>magis</span> <span class='ocrx_word' id='word_1_24' title='bbox 1191 1106 1374 1223; x_wconf 83' lang='lat' dir='ltr'>multas</span> <span class='ocrx_word' id='word_1_25' title='bbox 1398 1123 1472 1222; x_wconf 91' lang='lat' dir='ltr'>vis</span> <span class='ocrx_word' id='word_1_26' title='bbox 1498 1122 1721 1259; x_wconf 84' lang='lat' dir='ltr'>possidet</span> <span class='ocrx_word' id='word_1_27' title='bbox 1744 1123 1797 1224; x_wconf 92' lang='lat' dir='ltr'>in</span> <span class='ocrx_word' id='word_1_28' title='bbox 1823 1162 1892 1244; x_wconf 90' lang='lat' dir='ltr'>se,</span> 
     </span>
     <span class='ocr_line' id='line_1_5' title="bbox 479 1297 1649 1435; baseline -0.002 -38"><span class='ocrx_word' id='word_1_29' title='bbox 479 1299 653 1435; x_wconf 85' lang='lat' dir='ltr'>Atque</span> <span class='ocrx_word' id='word_1_30' title='bbox 678 1318 970 1434; x_wconf 65' lang='lat' dir='ltr'>potestates</span> <span class='ocrx_word' id='word_1_31' title='bbox 999 1297 1069 1396; x_wconf 89' lang='lat' dir='ltr'>ita</span> <span class='ocrx_word' id='word_1_32' title='bbox 1093 1297 1261 1434; x_wconf 86' lang='lat' dir='ltr'>pluria</span> <span class='ocrx_word' id='word_1_33' title='bbox 1284 1297 1649 1434; x_wconf 87' lang='lat' dir='ltr'>principiorum</span> 
     </span>
    </p>

    <p class='ocr_par' dir='ltr' id='par_1_3' title="bbox 319 1459 1699 1607">
     <span class='ocr_line' id='line_1_6' title="bbox 319 1459 1699 1607; baseline 0.003 -39"><span class='ocrx_word' id='word_1_34' title='bbox 319 1548 322 1555; x_wconf 85' lang='lat'><em>.</em></span> <span class='ocrx_word' id='word_1_35' title='bbox 480 1467 542 1570; x_wconf 91' lang='lat' dir='ltr'>In</span> <span class='ocrx_word' id='word_1_36' title='bbox 569 1509 674 1569; x_wconf 90' lang='lat' dir='ltr'>sese</span> <span class='ocrx_word' id='word_1_37' title='bbox 700 1509 903 1607; x_wconf 89' lang='lat' dir='ltr'>genera,</span> <span class='ocrx_word' id='word_1_38' title='bbox 930 1510 987 1570; x_wconf 91' lang='lat' dir='ltr'>ac</span> <span class='ocrx_word' id='word_1_39' title='bbox 1012 1471 1172 1572; x_wconf 87' lang='lat' dir='ltr'>varias</span> <span class='ocrx_word' id='word_1_40' title='bbox 1193 1471 1340 1570; x_wconf 88' lang='lat' dir='ltr'>docet</span> <span class='ocrx_word' id='word_1_41' title='bbox 1364 1459 1469 1569; x_wconf 85' lang='lat' dir='ltr'>esse</span> <span class='ocrx_word' id='word_1_42' title='bbox 1496 1470 1699 1606; x_wconf 88' lang='lat' dir='ltr'>figuras..</span> 
     </span>
    </p>

    <p class='ocr_par' dir='ltr' id='par_1_4' title="bbox 422 1623 1840 2482">
     <span class='ocr_line' id='line_1_7' title="bbox 422 1623 1806 1784; baseline 0.004 -41"><span class='ocrx_word' id='word_1_43' title='bbox 422 1736 426 1743; x_wconf 88' lang='lat'>.</span> <span class='ocrx_word' id='word_1_44' title='bbox 556 1623 831 1780; x_wconf 89' lang='lat' dir='ltr'>Principio,</span> <span class='ocrx_word' id='word_1_45' title='bbox 857 1642 1032 1744; x_wconf 87' lang='lat' dir='ltr'>Tellus</span> <span class='ocrx_word' id='word_1_46' title='bbox 1057 1642 1212 1745; x_wconf 90' lang='lat' dir='ltr'>babet</span> <span class='ocrx_word' id='word_1_47' title='bbox 1235 1645 1285 1742; x_wconf 92' lang='lat' dir='ltr'>in</span> <span class='ocrx_word' id='word_1_48' title='bbox 1315 1681 1366 1744; x_wconf 88' lang='lat' dir='ltr'>se</span> <span class='ocrx_word' id='word_1_49' title='bbox 1391 1683 1602 1782; x_wconf 87' lang='lat' dir='ltr'>corpora</span> <span class='ocrx_word' id='word_1_50' title='bbox 1625 1649 1806 1784; x_wconf 89' lang='lat' dir='ltr'>prima,</span> 
     </span>
     <span class='ocr_line' id='line_1_8' title="bbox 482 1818 1840 1925; baseline 0.002 -3"><span class='ocrx_word' id='word_1_51' title='bbox 482 1818 636 1922; x_wconf 83' lang='lat' dir='ltr'>Unde</span> <span class='ocrx_word' id='word_1_52' title='bbox 671 1858 807 1920; x_wconf 89' lang='lat' dir='ltr'>mare</span> <span class='ocrx_word' id='word_1_53' title='bbox 833 1821 1133 1921; x_wconf 88' lang='lat' dir='ltr'>immensum</span> <span class='ocrx_word' id='word_1_54' title='bbox 1159 1821 1414 1921; x_wconf 89' lang='lat' dir='ltr'>volventes</span> <span class='ocrx_word' id='word_1_55' title='bbox 1441 1819 1654 1919; x_wconf 86' lang='lat' dir='ltr'>flumina</span> <span class='ocrx_word' id='word_1_56' title='bbox 1677 1819 1840 1925; x_wconf 80' lang='lat' dir='ltr'>fontes</span> 
     </span>
     <span class='ocr_line' id='line_1_9' title="bbox 482 1994 1823 2133; baseline 0.003 -38"><span class='ocrx_word' id='word_1_57' title='bbox 482 1994 715 2095; x_wconf 83' lang='lat' dir='ltr'>Adsidue</span> <span class='ocrx_word' id='word_1_58' title='bbox 740 2018 1013 2097; x_wconf 85' lang='lat' dir='ltr'>renovent:</span> <span class='ocrx_word' id='word_1_59' title='bbox 1051 1995 1220 2114; x_wconf 86' lang='lat' dir='ltr'>habet,</span> <span class='ocrx_word' id='word_1_60' title='bbox 1248 1997 1392 2133; x_wconf 89' lang='lat' dir='ltr'>ignes</span> <span class='ocrx_word' id='word_1_61' title='bbox 1417 1995 1553 2096; x_wconf 90' lang='lat' dir='ltr'>unde</span> <span class='ocrx_word' id='word_1_62' title='bbox 1579 1997 1823 2100; x_wconf 87' lang='lat' dir='ltr'>oriantur.</span> 
     </span>
     <span class='ocr_line' id='line_1_10' title="bbox 486 2164 1767 2295; baseline 0.001 -26"><span class='ocrx_word' id='word_1_63' title='bbox 486 2164 623 2269; x_wconf 89' lang='lat' dir='ltr'>Nam</span> <span class='ocrx_word' id='word_1_64' title='bbox 643 2169 816 2268; x_wconf 88' lang='lat' dir='ltr'>multis</span> <span class='ocrx_word' id='word_1_65' title='bbox 843 2207 1082 2270; x_wconf 89' lang='lat' dir='ltr'>succensa</span> <span class='ocrx_word' id='word_1_66' title='bbox 1108 2170 1228 2269; x_wconf 88' lang='lat' dir='ltr'>locis</span> <span class='ocrx_word' id='word_1_67' title='bbox 1254 2167 1435 2268; x_wconf 85' lang='lat' dir='ltr'>ardent</span> <span class='ocrx_word' id='word_1_68' title='bbox 1459 2169 1564 2267; x_wconf 89' lang='lat' dir='ltr'>sola</span> <span class='ocrx_word' id='word_1_69' title='bbox 1587 2191 1767 2295; x_wconf 83' lang='lat' dir='ltr'>terrae3</span> 
     </span>
     <span class='ocr_line' id='line_1_11' title="bbox 484 2342 1676 2482; baseline 0.002 -35"><span class='ocrx_word' id='word_1_70' title='bbox 484 2343 698 2447; x_wconf 86' lang='lat' dir='ltr'>Eximiis</span> <span class='ocrx_word' id='word_1_71' title='bbox 724 2384 840 2448; x_wconf 91' lang='lat' dir='ltr'>vero</span> <span class='ocrx_word' id='word_1_72' title='bbox 865 2346 990 2446; x_wconf 87' lang='lat' dir='ltr'>furit</span> <span class='ocrx_word' id='word_1_73' title='bbox 1014 2342 1219 2482; x_wconf 87' lang='lat' dir='ltr'>ignibus</span> <span class='ocrx_word' id='word_1_74' title='bbox 1245 2343 1463 2479; x_wconf 84' lang='lat' dir='ltr'>impetus</span> <span class='ocrx_word' id='word_1_75' title='bbox 1490 2344 1676 2450; x_wconf 84' lang='lat' dir='ltr'>AEtnae.</span> 
     </span>
    </p>

    <p class='ocr_par' dir='ltr' id='par_1_5' title="bbox 484 2516 2002 3183">
     <span class='ocr_line' id='line_1_12' title="bbox 484 2516 1707 2659; baseline 0.002 -39"><span class='ocrx_word' id='word_1_76' title='bbox 484 2516 619 2620; x_wconf 86' lang='lat' dir='ltr'>Tu&#39;m</span> <span class='ocrx_word' id='word_1_77' title='bbox 645 2557 798 2658; x_wconf 92' lang='lat' dir='ltr'>porro</span> <span class='ocrx_word' id='word_1_78' title='bbox 822 2519 1010 2620; x_wconf 87' lang='lat' dir='ltr'>nitidas</span> <span class='ocrx_word' id='word_1_79' title='bbox 1036 2521 1225 2656; x_wconf 89' lang='lat' dir='ltr'>fruges,</span> <span class='ocrx_word' id='word_1_80' title='bbox 1253 2516 1563 2659; x_wconf 80' lang='lat' dir='ltr'>arbustaque</span> <span class='ocrx_word' id='word_1_81' title='bbox 1589 2520 1707 2622; x_wconf 85' lang='lat' dir='ltr'>laeta</span> 
     </span>
     <span class='ocr_line' id='line_1_13' title="bbox 488 2690 2002 2836; baseline -0.001 -42"><span class='ocrx_word' id='word_1_82' title='bbox 488 2690 1005 2795; x_wconf 70' lang='lat' dir='ltr'>Gentibus&#39;humanis</span> <span class='ocrx_word' id='word_1_83' title='bbox 1029 2692 1185 2793; x_wconf 87' lang='lat' dir='ltr'>habet</span> <span class='ocrx_word' id='word_1_84' title='bbox 1207 2691 1345 2793; x_wconf 90' lang='lat' dir='ltr'>unde</span> <span class='ocrx_word' id='word_1_85' title='bbox 1371 2695 1613 2796; x_wconf 85' lang='lat' dir='ltr'>extollere</span> <span class='ocrx_word' id='word_1_86' title='bbox 1637 2699 1811 2836; x_wconf 88' lang='lat' dir='ltr'>possit.</span> <span class='ocrx_word' id='word_1_87' title='bbox 1872 2797 1873 2800; x_wconf 5' lang='grc' dir='ltr'><strong><em>Ν</em></strong></span> <span class='ocrx_word' id='word_1_88' title='bbox 1998 2789 2002 2793; x_wconf 75' lang='grc'>,</span> 
     </span>
     <span class='ocr_line' id='line_1_14' title="bbox 485 2867 1723 3005; baseline 0.001 -34"><span class='ocrx_word' id='word_1_89' title='bbox 485 2867 642 2971; x_wconf 89' lang='lat' dir='ltr'>Unde</span> <span class='ocrx_word' id='word_1_90' title='bbox 668 2868 820 2967; x_wconf 88' lang='lat' dir='ltr'>etiam</span> <span class='ocrx_word' id='word_1_91' title='bbox 839 2867 1024 2968; x_wconf 86' lang='lat' dir='ltr'>fluidas</span> <span class='ocrx_word' id='word_1_92' title='bbox 1048 2868 1288 2988; x_wconf 86' lang='lat' dir='ltr'>frondeis,</span> <span class='ocrx_word' id='word_1_93' title='bbox 1314 2889 1367 2967; x_wconf 90' lang='lat' dir='ltr'>et</span> <span class='ocrx_word' id='word_1_94' title='bbox 1389 2868 1580 3005; x_wconf 89' lang='lat' dir='ltr'>pabula</span> <span class='ocrx_word' id='word_1_95' title='bbox 1604 2871 1723 2972; x_wconf 84' lang='lat' dir='ltr'>laeta</span> 
     </span>
     <span class='ocr_line' id='line_1_15' title="bbox 488 3041 1687 3183; baseline 0.002 -39"><span class='ocrx_word' id='word_1_96' title='bbox 488 3041 789 3178; x_wconf 88' lang='lat' dir='ltr'>Moutivago</span> <span class='ocrx_word' id='word_1_97' title='bbox 815 3042 988 3179; x_wconf 83' lang='lat' dir='ltr'>generi</span> <span class='ocrx_word' id='word_1_98' title='bbox 1014 3046 1174 3181; x_wconf 86' lang='lat' dir='ltr'>possit</span> <span class='ocrx_word' id='word_1_99' title='bbox 1191 3045 1423 3183; x_wconf 84' lang='lat' dir='ltr'>praebere</span> <span class='ocrx_word' id='word_1_100' title='bbox 1449 3044 1687 3149; x_wconf 86' lang='lat' dir='ltr'>ferarum.</span> 
     </span>
    </p>

    <p class='ocr_par' dir='ltr' id='par_1_6' title="bbox 489 3212 1876 3880">
     <span class='ocr_line' id='line_1_16' title="bbox 557 3212 1876 3356; baseline 0.006 -43"><span class='ocrx_word' id='word_1_101' title='bbox 557 3212 730 3335; x_wconf 84' lang='lat' dir='ltr'>Quare</span> <span class='ocrx_word' id='word_1_102' title='bbox 756 3252 941 3351; x_wconf 84' lang='lat' dir='ltr'>magna</span> <span class='ocrx_word' id='word_1_103' title='bbox 966 3215 1118 3325; x_wconf 79' lang='lat' dir='ltr'>deum</span> <span class='ocrx_word' id='word_1_104' title='bbox 1144 3243 1321 3339; x_wconf 90' lang='lat' dir='ltr'>mater,</span> <span class='ocrx_word' id='word_1_105' title='bbox 1348 3241 1613 3356; x_wconf 86' lang='lat' dir='ltr'>materque</span> <span class='ocrx_word' id='word_1_106' title='bbox 1639 3217 1876 3341; x_wconf 87' lang='lat' dir='ltr'>ferarum,</span> 
     </span>
     <span class='ocr_line' id='line_1_17' title="bbox 489 3388 1778 3528; baseline 0.001 -36"><span class='ocrx_word' id='word_1_107' title='bbox 489 3388 559 3492; x_wconf 88' lang='lat' dir='ltr'>Et</span> <span class='ocrx_word' id='word_1_108' title='bbox 586 3391 744 3491; x_wconf 87' lang='lat' dir='ltr'>nostri</span> <span class='ocrx_word' id='word_1_109' title='bbox 763 3391 996 3527; x_wconf 86' lang='lat' dir='ltr'>genetrix</span> <span class='ocrx_word' id='word_1_110' title='bbox 1021 3389 1130 3492; x_wconf 87' lang='lat' dir='ltr'>haec</span> <span class='ocrx_word' id='word_1_111' title='bbox 1157 3391 1293 3492; x_wconf 86' lang='lat' dir='ltr'>dicta</span> <span class='ocrx_word' id='word_1_112' title='bbox 1316 3412 1391 3490; x_wconf 89' lang='lat' dir='ltr'>est</span> <span class='ocrx_word' id='word_1_113' title='bbox 1415 3391 1637 3528; x_wconf 85' lang='lat' dir='ltr'>corporis</span> <span class='ocrx_word' id='word_1_114' title='bbox 1661 3429 1778 3493; x_wconf 89' lang='lat' dir='ltr'>una.</span> 
     </span>
     <span class='ocr_line' id='line_1_18' title="bbox 489 3564 1700 3705; baseline 0 -37"><span class='ocrx_word' id='word_1_115' title='bbox 489 3566 640 3668; x_wconf 85' lang='lat' dir='ltr'>Hane</span> <span class='ocrx_word' id='word_1_116' title='bbox 665 3586 858 3666; x_wconf 88' lang='lat' dir='ltr'>veteres</span> <span class='ocrx_word' id='word_1_117' title='bbox 885 3564 1096 3705; x_wconf 83' lang='lat' dir='ltr'>Grajdm</span> <span class='ocrx_word' id='word_1_118' title='bbox 1123 3567 1256 3667; x_wconf 87' lang='lat' dir='ltr'>docti</span> <span class='ocrx_word' id='word_1_119' title='bbox 1283 3567 1509 3668; x_wconf 86' lang='lat' dir='ltr'>cecinere</span> <span class='ocrx_word' id='word_1_120' title='bbox 1534 3589 1700 3704; x_wconf 88' lang='lat' dir='ltr'>poetae</span> 
     </span>
     <span class='ocr_line' id='line_1_19' title="bbox 491 3742 1630 3880; baseline -0.002 -36"><span class='ocrx_word' id='word_1_121' title='bbox 491 3742 710 3844; x_wconf 89' lang='lat' dir='ltr'>Sedibus</span> <span class='ocrx_word' id='word_1_122' title='bbox 736 3742 786 3841; x_wconf 92' lang='lat' dir='ltr'>in</span> <span class='ocrx_word' id='word_1_123' title='bbox 813 3780 965 3842; x_wconf 89' lang='lat' dir='ltr'>curru</span> <span class='ocrx_word' id='word_1_124' title='bbox 991 3742 1192 3880; x_wconf 88' lang='lat' dir='ltr'>bijugos</span> <span class='ocrx_word' id='word_1_125' title='bbox 1217 3742 1406 3880; x_wconf 87' lang='lat' dir='ltr'>agitare</span> <span class='ocrx_word' id='word_1_126' title='bbox 1431 3743 1630 3842; x_wconf 90' lang='lat' dir='ltr'>leones:</span> 
     </span>
    </p>

    <p class='ocr_par' dir='ltr' id='par_1_7' title="bbox 437 3913 1814 4230">
     <span class='ocr_line' id='line_1_20' title="bbox 437 3913 1678 4054; baseline -0.001 -37"><span class='ocrx_word' id='word_1_127' title='bbox 437 3962 440 3968; x_wconf 47' lang='lat'>²</span> <span class='ocrx_word' id='word_1_128' title='bbox 489 3916 638 4018; x_wconf 67' lang='lat' dir='ltr'>Aeris</span> <span class='ocrx_word' id='word_1_129' title='bbox 664 3919 716 4017; x_wconf 94' lang='lat' dir='ltr'>in</span> <span class='ocrx_word' id='word_1_130' title='bbox 733 3917 905 4054; x_wconf 59' lang='lat' dir='ltr'>&gt;spatio</span> <span class='ocrx_word' id='word_1_131' title='bbox 932 3953 1166 4052; x_wconf 86' lang='lat' dir='ltr'>magnam</span> <span class='ocrx_word' id='word_1_132' title='bbox 1192 3913 1415 4052; x_wconf 89' lang='lat' dir='ltr'>pendere</span> <span class='ocrx_word' id='word_1_133' title='bbox 1442 3915 1678 4016; x_wconf 86' lang='lat' dir='ltr'>docentes</span> 
     </span>
     <span class='ocr_line' id='line_1_21' title="bbox 489 4087 1814 4230; baseline 0.004 -40"><span class='ocrx_word' id='word_1_134' title='bbox 489 4087 776 4215; x_wconf 81' lang='lat' dir='ltr'>Tellurem3</span> <span class='ocrx_word' id='word_1_135' title='bbox 814 4128 983 4230; x_wconf 87' lang='lat' dir='ltr'>neque</span> <span class='ocrx_word' id='word_1_136' title='bbox 1008 4129 1153 4228; x_wconf 87' lang='lat' dir='ltr'>posse</span> <span class='ocrx_word' id='word_1_137' title='bbox 1180 4091 1231 4188; x_wconf 93' lang='lat' dir='ltr'>in</span> <span class='ocrx_word' id='word_1_138' title='bbox 1257 4111 1392 4189; x_wconf 87' lang='lat' dir='ltr'>terra</span> <span class='ocrx_word' id='word_1_139' title='bbox 1416 4092 1587 4190; x_wconf 88' lang='lat' dir='ltr'>sistere</span> <span class='ocrx_word' id='word_1_140' title='bbox 1613 4113 1814 4195; x_wconf 87' lang='lat' dir='ltr'>terram.</span> 
     </span>
    </p>

    <p class='ocr_par' dir='ltr' id='par_1_8' title="bbox 410 4262 1738 4403">
     <span class='ocr_line' id='line_1_22' title="bbox 410 4262 1738 4403; baseline -0.001 -36"><span class='ocrx_word' id='word_1_141' title='bbox 410 4274 413 4279; x_wconf 72' lang='grc'><strong>’</strong></span> <span class='ocrx_word' id='word_1_142' title='bbox 486 4263 791 4403; x_wconf 62' lang='lat' dir='ltr'>&#39;Adjunxere</span> <span class='ocrx_word' id='word_1_143' title='bbox 817 4264 962 4382; x_wconf 86' lang='lat' dir='ltr'>feras,</span> <span class='ocrx_word' id='word_1_144' title='bbox 991 4266 1112 4402; x_wconf 85' lang='lat' dir='ltr'>quia</span> <span class='ocrx_word' id='word_1_145' title='bbox 1138 4267 1367 4401; x_wconf 88' lang='lat' dir='ltr'>quamvis</span> <span class='ocrx_word' id='word_1_146' title='bbox 1393 4262 1547 4365; x_wconf 84' lang='lat' dir='ltr'>effera</span> <span class='ocrx_word' id='word_1_147' title='bbox 1570 4266 1738 4400; x_wconf 86' lang='lat' dir='ltr'>proles</span> 
     </span>
    </p>

    <p class='ocr_par' dir='ltr' id='par_1_9' title="bbox 439 4435 1537 4572">
     <span class='ocr_line' id='line_1_23' title="bbox 439 4435 1537 4572; baseline -0.002 -32"><span class='ocrx_word' id='word_1_148' title='bbox 439 4448 441 4454; x_wconf 80' lang='grc'><strong>’</strong></span> <span class='ocrx_word' id='word_1_149' title='bbox 494 4435 689 4540; x_wconf 91' lang='lat' dir='ltr'>Officiis</span> <span class='ocrx_word' id='word_1_150' title='bbox 715 4439 869 4538; x_wconf 88' lang='lat' dir='ltr'>debet</span> <span class='ocrx_word' id='word_1_151' title='bbox 893 4440 1077 4540; x_wconf 89' lang='lat' dir='ltr'>molliri</span> <span class='ocrx_word' id='word_1_152' title='bbox 1102 4438 1233 4536; x_wconf 87' lang='lat' dir='ltr'>victa</span> <span class='ocrx_word' id='word_1_153' title='bbox 1252 4459 1537 4572; x_wconf 86' lang='lat' dir='ltr'>parentum,</span> 
     </span>
    </p>

    <p class='ocr_par' dir='ltr' id='par_1_10' title="bbox 492 4609 1700 4750">
     <span class='ocr_line' id='line_1_24' title="bbox 492 4609 1700 4750; baseline 0.001 -38"><span class='ocrx_word' id='word_1_154' title='bbox 492 4609 788 4750; x_wconf 88' lang='lat' dir='ltr'>Muralique</span> <span class='ocrx_word' id='word_1_155' title='bbox 814 4633 968 4748; x_wconf 89' lang='lat' dir='ltr'>caput</span> <span class='ocrx_word' id='word_1_156' title='bbox 986 4647 1235 4710; x_wconf 89' lang='lat' dir='ltr'>summum</span> <span class='ocrx_word' id='word_1_157' title='bbox 1262 4611 1463 4710; x_wconf 89' lang='lat' dir='ltr'>cinxere</span> <span class='ocrx_word' id='word_1_158' title='bbox 1489 4649 1700 4737; x_wconf 84' lang='lat' dir='ltr'>corona3</span> 
     </span>
    </p>
   </div>
   <div class='ocr_carea' id='block_1_3' title="bbox 495 4784 1872 4921">
    <p class='ocr_par' dir='ltr' id='par_1_11' title="bbox 495 4784 1872 4921">
     <span class='ocr_line' id='line_1_25' title="bbox 495 4784 1872 4921; baseline 0.003 -36"><span class='ocrx_word' id='word_1_159' title='bbox 495 4784 707 4888; x_wconf 85' lang='lat' dir='ltr'>Eximiis</span> <span class='ocrx_word' id='word_1_160' title='bbox 732 4788 928 4888; x_wconf 88' lang='lat' dir='ltr'>munita</span> <span class='ocrx_word' id='word_1_161' title='bbox 952 4787 1072 4886; x_wconf 91' lang='lat' dir='ltr'>locis</span> <span class='ocrx_word' id='word_1_162' title='bbox 1100 4784 1239 4921; x_wconf 89' lang='lat' dir='ltr'>quod</span> <span class='ocrx_word' id='word_1_163' title='bbox 1266 4787 1479 4886; x_wconf 89' lang='lat' dir='ltr'>sustinet</span> <span class='ocrx_word' id='word_1_164' title='bbox 1503 4784 1703 4888; x_wconf 88' lang='lat' dir='ltr'>urbeis:</span> <span class='ocrx_word' id='word_1_165' title='bbox 1867 4827 1872 4838; x_wconf 89' lang='lat'><strong>·</strong></span> 
     </span>
    </p>
   </div>
   <div class='ocr_carea' id='block_1_4' title="bbox 496 4958 1751 5274">
    <p class='ocr_par' dir='ltr' id='par_1_12' title="bbox 496 4958 1751 5274">
     <span class='ocr_line' id='line_1_26' title="bbox 496 4958 1751 5103; baseline 0.006 -44"><span class='ocrx_word' id='word_1_166' title='bbox 496 4958 622 5103; x_wconf 83' lang='lat' dir='ltr'>Quo</span> <span class='ocrx_word' id='word_1_167' title='bbox 640 5000 775 5062; x_wconf 88' lang='lat' dir='ltr'>nuno</span> <span class='ocrx_word' id='word_1_168' title='bbox 795 4962 981 5098; x_wconf 90' lang='lat' dir='ltr'>insigni</span> <span class='ocrx_word' id='word_1_169' title='bbox 1006 5000 1100 5099; x_wconf 89' lang='lat' dir='ltr'>per</span> <span class='ocrx_word' id='word_1_170' title='bbox 1122 4998 1332 5097; x_wconf 86' lang='lat' dir='ltr'>magnas</span> <span class='ocrx_word' id='word_1_171' title='bbox 1359 4961 1574 5098; x_wconf 85' lang='lat' dir='ltr'>praedita</span> <span class='ocrx_word' id='word_1_172' title='bbox 1593 4986 1751 5066; x_wconf 87' lang='lat' dir='ltr'>terras</span> 
     </span>
     <span class='ocr_line' id='line_1_27' title="bbox 496 5133 1545 5274; baseline 0.001 -38"><span class='ocrx_word' id='word_1_173' title='bbox 496 5133 746 5237; x_wconf 87' lang='lat' dir='ltr'>Horrifice</span> <span class='ocrx_word' id='word_1_174' title='bbox 770 5137 932 5238; x_wconf 87' lang='lat' dir='ltr'>fertur</span> <span class='ocrx_word' id='word_1_175' title='bbox 956 5137 1139 5237; x_wconf 88' lang='lat' dir='ltr'>divinae</span> <span class='ocrx_word' id='word_1_176' title='bbox 1165 5135 1337 5237; x_wconf 87' lang='lat' dir='ltr'>matris</span> <span class='ocrx_word' id='word_1_177' title='bbox 1362 5136 1545 5274; x_wconf 84' lang='lat' dir='ltr'>imago.</span> 
     </span>
    </p>
   </div>
   <div class='ocr_carea' id='block_1_5' title="bbox 0 0 2321 6112">
    <p class='ocr_par' dir='ltr' id='par_1_13' title="bbox 0 0 2321 6112">
     <span class='ocr_line' id='line_1_28' title="bbox 0 0 2321 6112; baseline 0 0"><span class='ocrx_word' id='word_1_178' title='bbox 0 0 2321 6112; x_wconf 95' lang='lat' dir='ltr'> </span> 
     </span>
    </p>
   </div>
  </div>
 </body>
</html>
