4598 6112
768 548 1044 638 LIBER
1108 542 1516 640 QUINTUS·
1802 545 1904 637 223

479 803 548 905 Et
572 845 734 944 genus
760 803 1040 907 humanum
1066 806 1229 906 multo
1254 803 1353 904 fuit
1376 802 1503 904 illud
1533 803 1587 903 in
1613 803 1744 902 arvis

408 976 621 1098 Durius,
648 1002 707 1079 ut
733 979 919 1101 decuit,
946 973 1097 1079 tellus
1124 978 1263 1117 quod
1291 979 1421 1079 dura
1444 979 1661 1078 crebsset
1675 1017 1689 1101 ;

407 1152 477 1254 Et
500 1155 776 1293 majoribus
801 1179 854 1256 et
879 1152 1051 1255 solidis
1075 1152 1235 1290 magis
1260 1150 1455 1252 ossibus
1480 1153 1617 1251 intus

406 1322 449 1425 F
451 1328 717 1450 nudatum,
740 1351 792 1428 et
809 1327 987 1430 'validis
1013 1341 1191 1462 aptum
1216 1326 1525 1462 perviscera
1552 1325 1714 1425 nervis
1730 1294 1765 1449 3·

406 1497 460 1601 N
465 1540 521 1603 ec
546 1501 692 1604 facile
718 1543 783 1603 ex
808 1526 950 1622 aestu,
978 1539 1071 1602 nec
1096 1501 1283 1634 frigore
1309 1500 1447 1638 quod
1474 1521 1756 1637 caperetur,

405 1673 519 1776 Nec
545 1679 766 1779 novitate
793 1677 893 1778 cibi
919 1715 1011 1777 nec
1035 1674 1140 1775 labi
1166 1676 1388 1810 corporis
1413 1675 1546 1775 ulla:

404 1845 678 1990 Multaque
703 1890 797 1989 per
821 1852 1002 1953 coelum
1029 1849 1146 1950 solis
1170 1848 1422 1949 volventia
1448 1850 1606 1951 lustra

401 2021 687 2163 Volgivago
711 2028 865 2126 vitam
889 2022 1177 2127 tractabant
1201 2062 1340 2125 more
1359 2023 1598 2128 ferarum.
1635 2086 1637 2091 ·

404 2195 459 2298 N
463 2236 519 2298 ec
543 2197 781 2299 robustus
807 2220 915 2300 erat
937 2199 1077 2300 curvi
1102 2197 1391 2299 moderator
1416 2203 1568 2303 aratri

403 2368 707 2513 Quisquam,
735 2412 828 2475 nec
854 2371 1013 2473 scibat
1037 2370 1171 2472 ferro
1196 2374 1420 2475 molirier
1443 2413 1591 2500 arva;

402 2542 517 2646 Nec
542 2584 673 2646 nova
696 2545 936 2647 defodere
962 2548 1016 2647 in
1040 2568 1226 2683 terram
1250 2549 1487 2686 virgulta,
1509 2588 1602 2651 nec
1628 2551 1742 2651 altis

400 2718 686 2822 Arboribus
706 2740 899 2821 veteres
925 2718 1158 2820 decidere
1182 2717 1396 2822 falcibus
1420 2758 1600 2827 ramos.

402 2890 558 3012 Quod
586 2895 659 2995 sol
685 2916 841 3035 atque
866 2893 1053 2995 imbres
1079 2894 1341 3015 dederant,
1362 2896 1500 3034 quod
1528 2919 1662 2996 terra
1681 2900 1892 3001 crebrat·

402 3065 595 3205 Sponte
622 3105 727 3189 sua,
754 3069 872 3168 satis
897 3067 951 3167 id
976 3066 1213 3206 placabat
1235 3090 1442 3204 pectora
1460 3068 1682 3193 donum;
1731 3092 1735 3099 ’
1811 3162 1816 3167 .
1881 3088 1894 3101 ”

403 3236 727 3343 Glandiferas
751 3242 885 3343 inter
909 3241 1158 3343 curabant
1180 3279 1391 3379 corpora
1414 3280 1635 3381 quercus

400 3411 728 3556 Plerumque,
751 3440 946 3556 etquae
971 3455 1108 3517 nuuc
1134 3414 1347 3519 hiberno
1371 3442 1600 3557 tempore
1627 3423 1790 3523 cernis
1839 3480 1842 3487 ·

397 3591 599 3695 Arbuta
624 3594 852 3730 poeniceo
878 3593 988 3692 fieri
1013 3615 1210 3692 matura
1235 3580 1426 3713 colore,

399 3764 625 3867 Plurima
651 3789 761 3868 tum
788 3767 938 3868 tellus
962 3767 1113 3867 etiam
1139 3766 1328 3904 majora
1352 3766 1587 3870 ferebat:

400 3939 672 4079 Multaque
698 3964 948 4079 praeterea
973 3941 1168 4040 novitas
1192 3963 1302 4040 tum
1330 3938 1517 4041 florida¹
1536 3942 1728 4044 mundi

398 4115 595 4217 Pabula
621 4115 705 4215 dia
728 4114 872 4233 tulit,
889 4113 1081 4212 miseris
1107 4113 1405 4216 mortalibus
1431 4118 1616 4252 ampla.

396 4291 470 4390 At
494 4291 668 4392 sedare
695 4290 827 4389 sitim
855 4286 995 4386 fluvii
1022 4285 1289 4426 fontesque
1316 4287 1592 4392 vocabant:

398 4461 471 4566 Ut
498 4502 634 4565 nunc
660 4428 918 4563 mbntibus
943 4499 971 4560 e
996 4462 1194 4599 magnis
1219 4460 1467 4563 decursus·
1477 4472 1640 4603 aquai.

400 4633 663 4738 Claricitat
686 4636 785 4735 late
812 4635 1033 4736 sitientia
1058 4635 1204 4736 saecla
1228 4635 1464 4739 ferarum.

399 4809 641 4949 Denique
658 4809 917 4946 'noctivagi
944 4808 1185 4909 silvestria
1205 4811 1396 4945 templa
1419 4808 1664 4914 tenebant

400 4983 779 5123 Nympharum,
809 4981 998 5121 quibus
1023 4981 1233 5083 exibant
1257 4980 1469 5084 humore
1487 4987 1681 5088 fluenta

307 5292 311 5299 Ι
397 5155 635 5280 Lubrica,
660 5157 889 5297 proluvie
914 5157 1060 5298 larga
1076 5157 1246 5262 'lavere
1271 5155 1483 5261 humida
1508 5197 1657 5284 saxa,
