4598 6112
791 535 1063 643 LIBER
1127 461 1534 628 QUINTUS.
1798 536 1899 641 219

396 789 558 894 Terra
588 814 724 892 tenet
748 792 944 912 merito,
972 792 1214 930 quoniam
1240 831 1401 931 genus
1427 793 1537 931 ipsa
1551 759 1745 895 'creavit

401 964 720 1087 Humanum,
748 989 903 1106 atque
928 968 1115 1072 animal
1141 1005 1299 1105 prope
1326 990 1463 1068 certo
1489 991 1717 1105 tempore
1742 970 1879 1074 fudit

402 1139 588 1262 Omne,
615 1139 755 1280 quod
779 1142 832 1241 in
858 1142 1056 1280 magnis
1082 1138 1357 1242 bacchatur
1380 1141 1638 1242 montibus
1663 1147 1866 1279 passim,

399 1313 690 1453 Aeriasque'
705 1315 853 1415 simul
871 1317 1119 1418 volucreis
1142 1314 1453 1418 variantibus
1479 1313 1666 1417 formis

471 1487 571 1588 Sed
600 1489 721 1627 quia
745 1489 899 1589 finem
924 1490 1149 1628 aliquam
1175 1489 1408 1627 pariendi
1434 1487 1588 1589 debet
1612 1488 1816 1614 babere,

401 1658 628 1782 Destitit,
655 1685 716 1764 ut
739 1664 923 1763 mulier
948 1665 1110 1803 spatio
1133 1660 1329 1764 defessa
1352 1685 1568 1768 vetuste.

402 1834 576 1939 Mutat
601 1840 737 1938 enim
763 1839 941 1939 mundi
968 1863 1197 1939 naturam
1226 1841 1379 1942 totius
1405 1863 1542 1961 aetaS,

402 2009 484 2111 Ex
510 2013 711 2151 alioque
736 2013 865 2113 alius
884 2034 1048 2155 ‚status
1074 2016 1308 2152 excipere
1333 2019 1502 2118 omnia
1527 2016 1697 2138 dehet,

403 2183 457 2287 N
462 2225 518 2287 ee
544 2209 716 2287 manet
739 2186 846 2289 ulia
868 2187 945 2287 sui
966 2187 1139 2286 similis
1164 2227 1272 2290 res:
1312 2191 1481 2290 omnia
1500 2192 1737 2330 migrant,

404 2356 593 2460 Omnia
618 2382 895 2461 commutat
919 2382 1116 2481 natura,
1143 2385 1194 2462 et
1218 2388 1412 2465 vertere
1432 2365 1589 2504 cogit.

403 2530 646 2672 Namque
672 2533 811 2634 aliud
838 2533 1098 2671 putrescit,
1119 2557 1171 2647 et
1195 2574 1302 2636 aevo
1328 2536 1496 2640 debile
1522 2540 1761 2679 languet:

401 2704 562 2808 Porro
586 2708 726 2809 aliud
752 2709 1039 2828 concrescit,
1066 2730 1119 2808 et
1143 2748 1170 2809 e
1196 2710 1573 2848 contemptibus
1596 2714 1716 2814 exit.

402 2880 486 2982 Sic
512 2883 670 3019 igitur
695 2881 873 2981 mundi
898 2902 1130 2980 naturam
1155 2885 1309 2985 totius
1335 2907 1456 2988 aetas

402 3053 593 3175 Mutat,
621 3079 673 3155 et
697 3095 763 3154 ex
788 3055 886 3153 alio
910 3078 1097 3158 terram
1124 3079 1283 3159 status
1307 3060 1499 3195 exeipit
1522 3059 1679 3176 alter;

402 3229 556 3351 Quod
584 3231 769 3368 potuit,
790 3254 1042 3368 nequeat:
1061 3350 1064 3362 ,Υ
1083 3233 1255 3370 possit,
1283 3232 1422 3374 quod
1449 3271 1552 3332 non
1578 3234 1698 3334 tulit
1721 3256 1854 3338 ante.

472 3403 748 3541 Multaque
773 3425 884 3504 tum
909 3404 1061 3505 tellus
1087 3409 1501 3548 etiam-portenta
1525 3448 1693 3511 creare
1833 3508 1838 3513 .

403 3578 599 3679 Conata
624 3599 715 3696 est,
742 3577 869 3676 mira
892 3577 1037 3699 facie,
1063 3580 1406 3721 membrisque
1431 3606 1631 3713 coorta3

250 3826 260 3841 ·
401 3752 803 3891 (Androgynum
817 3752 951 3854 inter
966 3775 1255 3876 utrum,nec
1273 3779 1631 3896 utrumquem
1649 3758 1891 3896 utrinque

537 3909 814 4062 remotum)
1040 4042 1041 4047 Ν

280 4173 281 4176 ¹
403 4102 549 4206 Orba
572 4103 760 4240 pedum
786 4101 990 4240 partim,
1016 4132 1259 4204 manuum
1284 4099 1491 4203 viduata
1513 4103 1749 4223 vicissim,

402 4272 569 4403 Muta,
597 4282 703 4382 sine
728 4318 815 4381 ore
840 4280 1008 4399 etiam,
1036 4278 1143 4379 sine
1168 4277 1308 4377 voltu
1334 4313 1469 4377 caeca
1493 4298 1713 4412 reperta,
1755 4368 1758 4374 .

396 4453 690 4595 Vinctaque
715 4453 1057 4555 membrorum
1082 4490 1176 4591 per
1200 4474 1365 4552 totum
1391 4488 1575 4588 corpus
1601 4449 1838 4567 adhaesu:
2003 4578 2004 4582 p

400 4627 514 4730 Nec
523 4628 687 4729 facere
695 4651 754 4729 ut
761 4648 966 4765 possent
980 4627 1281 4766 quidquam,
1301 4664 1395 4727 nee
1411 4624 1590 4727 cedere
1607 4662 1886 4764 quoquam,

402 4801 515 4904 Nec
540 4805 698 4904 vitare
724 4800 931 4921 malum,
958 4839 1052 4902 nec
1077 4839 1276 4903 sumere
1301 4801 1438 4942 quod
1467 4799 1598 4900 foret
1621 4836 1759 4902 usus.

400 4977 600 5078 Caetera
624 4977 688 5077 de
712 5013 899 5114 genere
926 4973 1021 5078 hoc
1045 5000 1270 5076 monstra
1292 5013 1350 5076 ac
1375 4996 1612 5114 portenta
1637 4971 1869 5075 creabat:

401 5151 804 5292 Nequidquam:
844 5152 1084 5288 quoniam
1109 5176 1293 5254 natura
1315 5149 1591 5255 absterruit
1615 5170 1852 5250 auctum:

606 5346 610 5361 ·
767 5304 779 5329 ⁸
1111 5330 1188 5381 aas
