<?xml version="1.0" encoding="UTF-8"?>
<!DOCTYPE html PUBLIC "-//W3C//DTD XHTML 1.0 Transitional//EN"
    "http://www.w3.org/TR/xhtml1/DTD/xhtml1-transitional.dtd">
<html xmlns="http://www.w3.org/1999/xhtml" xml:lang="en" lang="en">
 <head>
  <title>
</title>
<meta http-equiv="Content-Type" content="text/html;charset=utf-8" />
  <meta name='ocr-system' content='tesseract 3.04.00' />
  <meta name='ocr-capabilities' content='ocr_page ocr_carea ocr_par ocr_line ocrx_word'/>
</head>
<body>
  <div class='ocr_page' id='page_1' title='image "./titilucretiicar05carugoog_0068.png"; bbox 0 0 4598 6112; ppageno 0'>
   <div class='ocr_carea' id='block_1_1' title="bbox 736 511 1897 663">
    <p class='ocr_par' dir='ltr' id='par_1_1' title="bbox 736 511 1897 663">
     <span class='ocr_line' id='line_1_1' title="bbox 736 511 1897 663; baseline 0 -48"><span class='ocrx_word' id='word_1_1' title='bbox 736 520 1018 615; x_wconf 68' lang='lat' dir='ltr'><strong>mnne</strong></span> <span class='ocrx_word' id='word_1_2' title='bbox 1054 518 1555 663; x_wconf 71' lang='lat' dir='ltr'><strong>-sncnnnus</strong></span> <span class='ocrx_word' id='word_1_3' title='bbox 1814 511 1897 615; x_wconf 76' lang='lat' dir='ltr'><strong>se</strong></span> 
     </span>
    </p>
   </div>
   <div class='ocr_carea' id='block_1_2' title="bbox 397 776 1871 1793">
    <p class='ocr_par' dir='ltr' id='par_1_2' title="bbox 401 776 1680 918">
     <span class='ocr_line' id='line_1_2' title="bbox 401 776 1680 918; baseline -0.003 -36"><span class='ocrx_word' id='word_1_4' title='bbox 401 778 787 918; x_wconf 58' lang='lat' dir='ltr'><strong>(impertierint,</strong></span> <span class='ocrx_word' id='word_1_5' title='bbox 812 780 865 883; x_wconf 92' lang='lat' dir='ltr'><strong>in</strong></span> <span class='ocrx_word' id='word_1_6' title='bbox 892 777 1070 882; x_wconf 88' lang='lat' dir='ltr'><strong>eodem</strong></span> <span class='ocrx_word' id='word_1_7' title='bbox 1096 799 1337 881; x_wconf 58' lang='lat' dir='ltr'><strong>anteacta</strong></span> <span class='ocrx_word' id='word_1_8' title='bbox 1350 798 1497 878; x_wconf 83' lang='lat' dir='ltr'><strong>aetate</strong></span> <span class='ocrx_word' id='word_1_9' title='bbox 1522 776 1680 898; x_wconf 85' lang='lat' dir='ltr'><strong>fuere,</strong></span> 
     </span>
    </p>

    <p class='ocr_par' dir='ltr' id='par_1_3' title="bbox 399 950 1612 1094">
     <span class='ocr_line' id='line_1_3' title="bbox 399 950 1612 1094; baseline -0.003 -39"><span class='ocrx_word' id='word_1_10' title='bbox 399 951 470 1055; x_wconf 86' lang='lat' dir='ltr'><strong>Et</strong></span> <span class='ocrx_word' id='word_1_11' title='bbox 493 953 707 1094; x_wconf 86' lang='lat' dir='ltr'><strong>posthac</strong></span> <span class='ocrx_word' id='word_1_12' title='bbox 732 991 934 1092; x_wconf 78' lang='lat' dir='ltr'>semper</span> <span class='ocrx_word' id='word_1_13' title='bbox 958 952 1110 1053; x_wconf 80' lang='lat' dir='ltr'>simili</span> <span class='ocrx_word' id='word_1_14' title='bbox 1133 953 1326 1073; x_wconf 83' lang='lat' dir='ltr'><strong>ratione</strong></span> <span class='ocrx_word' id='word_1_15' title='bbox 1350 950 1612 1074; x_wconf 84' lang='lat' dir='ltr'><strong>ferentur3</strong></span> 
     </span>
    </p>

    <p class='ocr_par' dir='ltr' id='par_1_4' title="bbox 397 1125 1871 1793">
     <span class='ocr_line' id='line_1_4' title="bbox 400 1125 1644 1269; baseline -0.002 -39"><span class='ocrx_word' id='word_1_16' title='bbox 400 1125 469 1230; x_wconf 81' lang='lat' dir='ltr'><strong>Et</strong></span> <span class='ocrx_word' id='word_1_17' title='bbox 494 1165 611 1266; x_wconf 87' lang='lat' dir='ltr'><strong>quae</strong></span> <span class='ocrx_word' id='word_1_18' title='bbox 637 1150 946 1269; x_wconf 84' lang='lat' dir='ltr'><strong>consuerunt</strong></span> <span class='ocrx_word' id='word_1_19' title='bbox 970 1126 1130 1265; x_wconf 83' lang='lat' dir='ltr'>gigni,</span> <span class='ocrx_word' id='word_1_20' title='bbox 1157 1128 1444 1264; x_wconf 39' lang='lat' dir='ltr'><strong>gignentur,</strong></span> <span class='ocrx_word' id='word_1_21' title='bbox 1464 1126 1644 1228; x_wconf 82' lang='lat' dir='ltr'><strong>eadem</strong></span> 
     </span>
     <span class='ocr_line' id='line_1_5' title="bbox 401 1298 1871 1441; baseline 0 -36"><span class='ocrx_word' id='word_1_22' title='bbox 401 1300 738 1427; x_wconf 84' lang='lat' dir='ltr'><strong>Conditione3</strong></span> <span class='ocrx_word' id='word_1_23' title='bbox 764 1324 819 1405; x_wconf 87' lang='lat' dir='ltr'><strong>et</strong></span> <span class='ocrx_word' id='word_1_24' title='bbox 840 1323 1009 1423; x_wconf 87' lang='lat' dir='ltr'><strong>erunt,</strong></span> <span class='ocrx_word' id='word_1_25' title='bbox 1038 1325 1090 1403; x_wconf 84' lang='lat' dir='ltr'><strong>et</strong></span> <span class='ocrx_word' id='word_1_26' title='bbox 1113 1324 1354 1422; x_wconf 82' lang='lat' dir='ltr'><strong>crescent,</strong></span> <span class='ocrx_word' id='word_1_27' title='bbox 1382 1303 1540 1441; x_wconf 90' lang='lat' dir='ltr'><strong>inque</strong></span> <span class='ocrx_word' id='word_1_28' title='bbox 1564 1298 1822 1424; x_wconf 79' lang='lat' dir='ltr'><strong>valebunt,</strong></span> <span class='ocrx_word' id='word_1_29' title='bbox 1863 1363 1871 1393; x_wconf 51' lang='grc' dir='ltr'><strong><em>π</em></strong></span> 
     </span>
     <span class='ocr_line' id='line_1_6' title="bbox 398 1477 1803 1619; baseline -0.003 -35"><span class='ocrx_word' id='word_1_30' title='bbox 398 1477 666 1599; x_wconf 82' lang='lat' dir='ltr'><strong>Quantum</strong></span> <span class='ocrx_word' id='word_1_31' title='bbox 692 1480 921 1619; x_wconf 90' lang='lat' dir='ltr'><strong>quoique</strong></span> <span class='ocrx_word' id='word_1_32' title='bbox 945 1477 1223 1581; x_wconf 82' lang='lat' dir='ltr'><strong>datumest</strong></span> <span class='ocrx_word' id='word_1_33' title='bbox 1244 1515 1339 1617; x_wconf 92' lang='lat' dir='ltr'><strong>per</strong></span> <span class='ocrx_word' id='word_1_34' title='bbox 1360 1477 1551 1579; x_wconf 80' lang='lat' dir='ltr'><strong>foedera</strong></span> <span class='ocrx_word' id='word_1_35' title='bbox 1573 1486 1803 1580; x_wconf 80' lang='lat' dir='ltr'><strong>naturai:</strong></span> 
     </span>
     <span class='ocr_line' id='line_1_7' title="bbox 397 1651 1753 1793; baseline 0.002 -37"><span class='ocrx_word' id='word_1_36' title='bbox 397 1651 513 1756; x_wconf 89' lang='lat' dir='ltr'><strong>Nee</strong></span> <span class='ocrx_word' id='word_1_37' title='bbox 538 1693 710 1757; x_wconf 85' lang='lat' dir='ltr'><strong>rerum</strong></span> <span class='ocrx_word' id='word_1_38' title='bbox 735 1693 981 1760; x_wconf 87' lang='lat' dir='ltr'><strong>summam</strong></span> <span class='ocrx_word' id='word_1_39' title='bbox 1006 1677 1320 1771; x_wconf 79' lang='lat' dir='ltr'><strong>commutare</strong></span> <span class='ocrx_word' id='word_1_40' title='bbox 1344 1655 1449 1755; x_wconf 82' lang='lat' dir='ltr'>ulls</span> <span class='ocrx_word' id='word_1_41' title='bbox 1472 1676 1642 1793; x_wconf 83' lang='lat' dir='ltr'><strong>potest</strong></span> <span class='ocrx_word' id='word_1_42' title='bbox 1662 1656 1753 1759; x_wconf 86' lang='lat' dir='ltr'>vis.</span> 
     </span>
    </p>
   </div>
   <div class='ocr_carea' id='block_1_3' title="bbox 235 1824 1847 1969">
    <p class='ocr_par' dir='ltr' id='par_1_5' title="bbox 235 1824 1847 1969">
     <span class='ocr_line' id='line_1_8' title="bbox 235 1824 1847 1969; baseline 0.003 -38"><span class='ocrx_word' id='word_1_43' title='bbox 235 1951 238 1955; x_wconf 68' lang='lat'><strong>.</strong></span> <span class='ocrx_word' id='word_1_44' title='bbox 399 1824 538 1930; x_wconf 83' lang='lat' dir='ltr'><strong>Nam</strong></span> <span class='ocrx_word' id='word_1_45' title='bbox 564 1868 733 1968; x_wconf 90' lang='lat' dir='ltr'><strong>neque</strong></span> <span class='ocrx_word' id='word_1_46' title='bbox 760 1868 864 1969; x_wconf 85' lang='lat' dir='ltr'><strong>que</strong></span> <span class='ocrx_word' id='word_1_47' title='bbox 888 1830 1048 1967; x_wconf 82' lang='lat' dir='ltr'>possit</span> <span class='ocrx_word' id='word_1_48' title='bbox 1069 1868 1233 1968; x_wconf 83' lang='lat' dir='ltr'><strong>genus</strong></span> <span class='ocrx_word' id='word_1_49' title='bbox 1255 1831 1416 1933; x_wconf 83' lang='lat' dir='ltr'>ullum</span> <span class='ocrx_word' id='word_1_50' title='bbox 1443 1836 1670 1937; x_wconf 84' lang='lat' dir='ltr'><strong>materiai</strong></span> <span class='ocrx_word' id='word_1_51' title='bbox 1796 1870 1847 1923; x_wconf 68' lang='grc' dir='ltr'>υ</span> 
     </span>
    </p>
   </div>
   <div class='ocr_carea' id='block_1_4' title="bbox 256 2002 2012 5091">
    <p class='ocr_par' dir='ltr' id='par_1_6' title="bbox 256 2002 2012 5091">
     <span class='ocr_line' id='line_1_9' title="bbox 399 2002 1892 2148; baseline 0.005 -43"><span class='ocrx_word' id='word_1_52' title='bbox 399 2002 715 2142; x_wconf 84' lang='lat' dir='ltr'><strong>Effugereex</strong></span> <span class='ocrx_word' id='word_1_53' title='bbox 725 2005 879 2124; x_wconf 87' lang='lat' dir='ltr'><strong>omni,</strong></span> <span class='ocrx_word' id='word_1_54' title='bbox 893 2003 1176 2143; x_wconf 83' lang='lat' dir='ltr'>quidquam</span> <span class='ocrx_word' id='word_1_55' title='bbox 1193 2029 1284 2127; x_wconf 86' lang='lat' dir='ltr'><strong>est,</strong></span> <span class='ocrx_word' id='word_1_56' title='bbox 1294 2045 1462 2148; x_wconf 88' lang='lat' dir='ltr'><strong>neque</strong></span> <span class='ocrx_word' id='word_1_57' title='bbox 1477 2045 1668 2131; x_wconf 88' lang='lat' dir='ltr'><strong>rursus,</strong></span> <span class='ocrx_word' id='word_1_58' title='bbox 1683 2011 1892 2114; x_wconf 83' lang='lat' dir='ltr'><strong>inomn&#39;e</strong></span> 
     </span>
     <span class='ocr_line' id='line_1_10' title="bbox 256 2175 2012 2321; baseline 0.003 -37"><span class='ocrx_word' id='word_1_59' title='bbox 256 2262 259 2271; x_wconf 58' lang='grc'><em>»</em></span> <span class='ocrx_word' id='word_1_60' title='bbox 340 2175 345 2185; x_wconf 72' lang='grc'><strong>’</strong></span> <span class='ocrx_word' id='word_1_61' title='bbox 398 2177 553 2307; x_wconf 85' lang='lat' dir='ltr'><strong>Unde</strong></span> <span class='ocrx_word' id='word_1_62' title='bbox 578 2203 749 2284; x_wconf 83' lang='lat' dir='ltr'><strong>coorta</strong></span> <span class='ocrx_word' id='word_1_63' title='bbox 769 2201 929 2318; x_wconf 82' lang='lat' dir='ltr'><strong>queat</strong></span> <span class='ocrx_word' id='word_1_64' title='bbox 951 2217 1080 2283; x_wconf 85' lang='lat' dir='ltr'><strong>nova</strong></span> <span class='ocrx_word' id='word_1_65' title='bbox 1103 2181 1178 2280; x_wconf 89' lang='lat' dir='ltr'><strong>vis</strong></span> <span class='ocrx_word' id='word_1_66' title='bbox 1200 2182 1589 2321; x_wconf 86' lang='lat' dir='ltr'><strong>inrumpere‚.et</strong></span> <span class='ocrx_word' id='word_1_67' title='bbox 1606 2222 1808 2289; x_wconf 87' lang='lat' dir='ltr'><strong>omnem</strong></span> <span class='ocrx_word' id='word_1_68' title='bbox 1871 2214 1876 2229; x_wconf 83' lang='lat'><strong>&#39;</strong></span> <span class='ocrx_word' id='word_1_69' title='bbox 2009 2229 2012 2235; x_wconf 90' lang='lat'><em>·</em></span> 
     </span>
     <span class='ocr_line' id='line_1_11' title="bbox 395 2354 1747 2482; baseline 0.003 -23"><span class='ocrx_word' id='word_1_70' title='bbox 395 2354 655 2482; x_wconf 39' lang='lat' dir='ltr'><strong>„Naturam</strong></span> <span class='ocrx_word' id='word_1_71' title='bbox 679 2394 851 2463; x_wconf 87' lang='lat' dir='ltr'><strong>rerum</strong></span> <span class='ocrx_word' id='word_1_72' title='bbox 878 2377 1088 2477; x_wconf 83' lang='lat' dir='ltr'><strong>mutere,</strong></span> <span class='ocrx_word' id='word_1_73' title='bbox 1115 2378 1168 2456; x_wconf 84' lang='lat' dir='ltr'><strong>et</strong></span> <span class='ocrx_word' id='word_1_74' title='bbox 1190 2379 1383 2463; x_wconf 73' lang='lat' dir='ltr'><strong>verrere</strong></span> <span class='ocrx_word' id='word_1_75' title='bbox 1407 2382 1592 2465; x_wconf 88' lang='lat' dir='ltr'><strong>motus.</strong></span> <span class='ocrx_word' id='word_1_76' title='bbox 1737 2398 1747 2426; x_wconf 70' lang='grc'><strong><em>’</em></strong></span> 
     </span>
     <span class='ocr_line' id='line_1_12' title="bbox 470 2530 1882 2675; baseline 0.001 -43"><span class='ocrx_word' id='word_1_77' title='bbox 470 2531 605 2635; x_wconf 78' lang='lat' dir='ltr'>Illud</span> <span class='ocrx_word' id='word_1_78' title='bbox 635 2535 690 2635; x_wconf 91' lang='lat' dir='ltr'><strong>in</strong></span> <span class='ocrx_word' id='word_1_79' title='bbox 712 2531 800 2633; x_wconf 87' lang='lat' dir='ltr'>his.</span> <span class='ocrx_word' id='word_1_80' title='bbox 816 2530 972 2635; x_wconf 88' lang='lat' dir='ltr'><strong>rebus</strong></span> <span class='ocrx_word' id='word_1_81' title='bbox 996 2571 1095 2634; x_wconf 89' lang='lat' dir='ltr'><strong>non</strong></span> <span class='ocrx_word' id='word_1_82' title='bbox 1125 2555 1202 2635; x_wconf 86' lang='lat' dir='ltr'><strong>est</strong></span> <span class='ocrx_word' id='word_1_83' title='bbox 1225 2531 1661 2675; x_wconf 79' lang='lat' dir='ltr'><strong>mirabile‚.quere</strong></span> <span class='ocrx_word' id='word_1_84' title='bbox 1870 2564 1882 2634; x_wconf 75' lang='lat' dir='ltr'><strong>r</strong></span> 
     </span>
     <span class='ocr_line' id='line_1_13' title="bbox 402 2704 1658 2848; baseline 0.003 -39"><span class='ocrx_word' id='word_1_85' title='bbox 402 2704 592 2811; x_wconf 88' lang='lat' dir='ltr'><strong>Omnia</strong></span> <span class='ocrx_word' id='word_1_86' title='bbox 611 2743 769 2848; x_wconf 87' lang='lat' dir='ltr'>quom</span> <span class='ocrx_word' id='word_1_87' title='bbox 794 2744 965 2818; x_wconf 81' lang='lat' dir='ltr'><strong>rerum</strong></span> <span class='ocrx_word' id='word_1_88' title='bbox 991 2707 1268 2846; x_wconf 84' lang='lat' dir='ltr'><strong>primordia</strong></span> <span class='ocrx_word' id='word_1_89' title='bbox 1292 2709 1471 2810; x_wconf 84' lang='lat' dir='ltr'><strong>sintin</strong></span> <span class='ocrx_word' id='word_1_90' title='bbox 1496 2732 1658 2832; x_wconf 83' lang='lat' dir='ltr'><strong>motu,</strong></span> 
     </span>
     <span class='ocr_line' id='line_1_14' title="bbox 401 2881 1657 3025; baseline 0.003 -42"><span class='ocrx_word' id='word_1_91' title='bbox 401 2881 612 2989; x_wconf 83' lang='lat' dir='ltr'><strong>Summa</strong></span> <span class='ocrx_word' id='word_1_92' title='bbox 634 2883 806 2987; x_wconf 72' lang='lat' dir='ltr'><strong>temen</strong></span> <span class='ocrx_word' id='word_1_93' title='bbox 832 2921 1029 2986; x_wconf 81' lang='lat' dir='ltr'><strong>summe</strong></span> <span class='ocrx_word' id='word_1_94' title='bbox 1051 2881 1284 2985; x_wconf 81' lang='lat' dir='ltr'><strong>videatur</strong></span> <span class='ocrx_word' id='word_1_95' title='bbox 1308 2904 1448 2985; x_wconf 79' lang='lat' dir='ltr'><strong>stare</strong></span> <span class='ocrx_word' id='word_1_96' title='bbox 1464 2887 1657 3025; x_wconf 87' lang='lat' dir='ltr'><strong>quiete,</strong></span> 
     </span>
     <span class='ocr_line' id='line_1_15' title="bbox 400 3037 1881 3201; baseline 0.005 -43"><span class='ocrx_word' id='word_1_97' title='bbox 400 3054 753 3197; x_wconf 66' lang='lat' dir='ltr'><strong>Praeterquam</strong></span> <span class='ocrx_word' id='word_1_98' title='bbox 777 3059 820 3159; x_wconf 89' lang='lat' dir='ltr'><strong>si</strong></span> <span class='ocrx_word' id='word_1_99' title='bbox 846 3056 975 3201; x_wconf 93' lang='lat' dir='ltr'>quid</span> <span class='ocrx_word' id='word_1_100' title='bbox 998 3058 1206 3195; x_wconf 86' lang='lat' dir='ltr'><strong>proprio</strong></span> <span class='ocrx_word' id='word_1_101' title='bbox 1231 3056 1320 3158; x_wconf 80' lang='lat' dir='ltr'><strong>dat</strong></span> <span class='ocrx_word' id='word_1_102' title='bbox 1341 3037 1552 3200; x_wconf 84' lang='lat' dir='ltr'><strong>corpore</strong></span> <span class='ocrx_word' id='word_1_103' title='bbox 1573 3084 1760 3167; x_wconf 71' lang='lat' dir='ltr'><strong>motus</strong></span> <span class='ocrx_word' id='word_1_104' title='bbox 1868 3092 1881 3147; x_wconf 84' lang='lat'><strong>&#39;-</strong></span> 
     </span>
     <span class='ocr_line' id='line_1_16' title="bbox 402 3231 1626 3371; baseline 0.002 -36"><span class='ocrx_word' id='word_1_105' title='bbox 402 3231 591 3357; x_wconf 76' lang='lat' dir='ltr'><strong>Omnis</strong></span> <span class='ocrx_word' id='word_1_106' title='bbox 602 3233 746 3337; x_wconf 86' lang='lat' dir='ltr'><strong>enim</strong></span> <span class='ocrx_word' id='word_1_107' title='bbox 760 3231 918 3371; x_wconf 70' lang='lat' dir='ltr'><strong>,lenge</strong></span> <span class='ocrx_word' id='word_1_108' title='bbox 943 3233 1129 3338; x_wconf 84' lang='lat' dir='ltr'><strong>nostris</strong></span> <span class='ocrx_word' id='word_1_109' title='bbox 1148 3231 1217 3337; x_wconf 72' lang='lat' dir='ltr'><strong>ab,</strong></span> <span class='ocrx_word' id='word_1_110' title='bbox 1237 3231 1466 3336; x_wconf 88' lang='lat' dir='ltr'>sensibus</span> <span class='ocrx_word' id='word_1_111' title='bbox 1482 3234 1626 3337; x_wconf 83' lang='lat' dir='ltr'><strong>infra</strong></span> 
     </span>
     <span class='ocr_line' id='line_1_17' title="bbox 400 3406 1645 3549; baseline 0 -39"><span class='ocrx_word' id='word_1_112' title='bbox 400 3406 687 3511; x_wconf 88' lang='lat' dir='ltr'><strong>Primorum</strong></span> <span class='ocrx_word' id='word_1_113' title='bbox 712 3431 893 3510; x_wconf 81' lang='lat' dir='ltr'><strong>natura</strong></span> <span class='ocrx_word' id='word_1_114' title='bbox 908 3408 1074 3546; x_wconf 84' lang='lat' dir='ltr'><strong>jacet:</strong></span> <span class='ocrx_word' id='word_1_115' title='bbox 1104 3427 1418 3549; x_wconf 81' lang='lat' dir='ltr'><strong>quapropter</strong></span> <span class='ocrx_word' id='word_1_116' title='bbox 1444 3407 1532 3509; x_wconf 76' lang='lat' dir='ltr'><strong>uhi</strong></span> <span class='ocrx_word' id='word_1_117' title='bbox 1555 3410 1645 3511; x_wconf 78' lang='lat' dir='ltr'>illa</span> 
     </span>
     <span class='ocr_line' id='line_1_18' title="bbox 403 3559 1886 3724; baseline 0.003 -38"><span class='ocrx_word' id='word_1_118' title='bbox 403 3584 624 3689; x_wconf 81' lang='lat' dir='ltr'><strong>Cernere</strong></span> <span class='ocrx_word' id='word_1_119' title='bbox 641 3585 751 3722; x_wconf 81' lang='lat' dir='ltr'><strong>jam</strong></span> <span class='ocrx_word' id='word_1_120' title='bbox 773 3622 1014 3722; x_wconf 80' lang='lat' dir='ltr'><strong>nequeas,</strong></span> <span class='ocrx_word' id='word_1_121' title='bbox 1032 3608 1197 3713; x_wconf 83' lang='lat' dir='ltr'><strong>motus</strong></span> <span class='ocrx_word' id='word_1_122' title='bbox 1216 3621 1651 3724; x_wconf 84' lang='lat' dir='ltr'><strong>quoquesurpere</strong></span> <span class='ocrx_word' id='word_1_123' title='bbox 1668 3559 1886 3691; x_wconf 70' lang='lat' dir='ltr'><strong>debens:</strong></span> 
     </span>
     <span class='ocr_line' id='line_1_19' title="bbox 403 3749 1852 3916; baseline 0.003 -56"><span class='ocrx_word' id='word_1_124' title='bbox 403 3749 690 3863; x_wconf 83' lang='lat' dir='ltr'><strong>Praesertirn</strong></span> <span class='ocrx_word' id='word_1_125' title='bbox 718 3797 891 3900; x_wconf 88' lang='lat' dir='ltr'>quom,</span> <span class='ocrx_word' id='word_1_126' title='bbox 919 3797 1038 3898; x_wconf 79' lang='lat' dir='ltr'><strong>quse</strong></span> <span class='ocrx_word' id='word_1_127' title='bbox 1063 3761 1559 3916; x_wconf 72' lang='lat' dir='ltr'><strong>pessimus.eernere‚</strong></span> <span class='ocrx_word' id='word_1_128' title='bbox 1576 3762 1753 3864; x_wconf 85' lang='lat' dir='ltr'><strong>celent</strong></span> <span class='ocrx_word' id='word_1_129' title='bbox 1849 3764 1852 3771; x_wconf 76' lang='grc'><strong>’</strong></span> 
     </span>
     <span class='ocr_line' id='line_1_20' title="bbox 300 3934 1698 4072; baseline 0.001 -38"><span class='ocrx_word' id='word_1_130' title='bbox 300 3995 306 4002; x_wconf 72' lang='lat'><em>,</em></span> <span class='ocrx_word' id='word_1_131' title='bbox 403 3934 552 4072; x_wconf 77' lang='lat' dir='ltr'><strong>Saepe</strong></span> <span class='ocrx_word' id='word_1_132' title='bbox 578 3956 746 4048; x_wconf 77' lang='lat' dir='ltr'><strong>tamen</strong></span> <span class='ocrx_word' id='word_1_133' title='bbox 776 3955 942 4034; x_wconf 80' lang='lat' dir='ltr'><strong>motus</strong></span> <span class='ocrx_word' id='word_1_134' title='bbox 962 3936 1132 4071; x_wconf 83' lang='lat' dir='ltr'>spatio</span> <span class='ocrx_word' id='word_1_135' title='bbox 1156 3935 1365 4036; x_wconf 79' lang='lat' dir='ltr'><strong>diducta</strong></span> <span class='ocrx_word' id='word_1_136' title='bbox 1387 3934 1657 4039; x_wconf 62' lang='lat' dir='ltr'><strong>locorum„</strong></span> <span class='ocrx_word' id='word_1_137' title='bbox 1694 4011 1698 4022; x_wconf 80' lang='grc'><strong>.</strong></span> 
     </span>
     <span class='ocr_line' id='line_1_21' title="bbox 398 4107 1551 4248; baseline -0.003 -34"><span class='ocrx_word' id='word_1_138' title='bbox 398 4109 534 4214; x_wconf 85' lang='lat' dir='ltr'><strong>Nam</strong></span> <span class='ocrx_word' id='word_1_139' title='bbox 562 4144 696 4246; x_wconf 85' lang='lat' dir='ltr'><strong>saepe</strong></span> <span class='ocrx_word' id='word_1_140' title='bbox 716 4107 771 4207; x_wconf 91' lang='lat' dir='ltr'><strong>in</strong></span> <span class='ocrx_word' id='word_1_141' title='bbox 786 4107 911 4210; x_wconf 85' lang='lat' dir='ltr'><strong>colli</strong></span> <span class='ocrx_word' id='word_1_142' title='bbox 934 4108 1201 4211; x_wconf 82' lang='lat' dir='ltr'><strong>tondentes</strong></span> <span class='ocrx_word' id='word_1_143' title='bbox 1224 4108 1414 4248; x_wconf 79' lang='lat' dir='ltr'>pabula</span> <span class='ocrx_word' id='word_1_144' title='bbox 1431 4110 1551 4213; x_wconf 79' lang='lat' dir='ltr'>laeta</span> 
     </span>
     <span class='ocr_line' id='line_1_22' title="bbox 279 4281 1981 4425; baseline -0.001 -35"><span class='ocrx_word' id='word_1_145' title='bbox 279 4298 283 4305; x_wconf 85' lang='grc'><strong>’</strong></span> <span class='ocrx_word' id='word_1_146' title='bbox 403 4287 901 4424; x_wconf 80' lang='lat' dir='ltr'><strong>Lanigeraereptant</strong></span> <span class='ocrx_word' id='word_1_147' title='bbox 924 4283 1163 4423; x_wconf 82' lang='lat' dir='ltr'><strong>pecudes,</strong></span> <span class='ocrx_word' id='word_1_148' title='bbox 1190 4324 1295 4425; x_wconf 88' lang='lat' dir='ltr'><strong>quo</strong></span> <span class='ocrx_word' id='word_1_149' title='bbox 1322 4321 1582 4424; x_wconf 86' lang='lat' dir='ltr'><strong>quamque</strong></span> <span class='ocrx_word' id='word_1_150' title='bbox 1606 4307 1859 4388; x_wconf 86' lang='lat' dir='ltr'><strong>vocantes.</strong></span> <span class='ocrx_word' id='word_1_151' title='bbox 1978 4281 1981 4287; x_wconf 54' lang='grc'><em>’</em></span> 
     </span>
     <span class='ocr_line' id='line_1_23' title="bbox 301 4423 1546 4596; baseline -0.002 -34"><span class='ocrx_word' id='word_1_152' title='bbox 301 4584 304 4591; x_wconf 23' lang='grc' dir='ltr'>Ι</span> <span class='ocrx_word' id='word_1_153' title='bbox 403 4423 633 4563; x_wconf 61' lang='grc' dir='ltr'><strong>Ιηνίῑαηί</strong></span> <span class='ocrx_word' id='word_1_154' title='bbox 651 4455 826 4563; x_wconf 84' lang='lat' dir='ltr'><strong>herbae</strong></span> <span class='ocrx_word' id='word_1_155' title='bbox 850 4482 1163 4596; x_wconf 82' lang='lat' dir='ltr'><strong>gemmantes</strong></span> <span class='ocrx_word' id='word_1_156' title='bbox 1188 4498 1302 4561; x_wconf 87' lang='lat' dir='ltr'><strong>rore</strong></span> <span class='ocrx_word' id='word_1_157' title='bbox 1324 4460 1515 4561; x_wconf 86' lang='lat' dir='ltr'><strong>recenti</strong></span> <span class='ocrx_word' id='word_1_158' title='bbox 1527 4500 1546 4584; x_wconf 42' lang='lat'><strong>13</strong></span> 
     </span>
     <span class='ocr_line' id='line_1_24' title="bbox 290 4632 1819 4776; baseline -0.001 -38"><span class='ocrx_word' id='word_1_159' title='bbox 290 4659 296 4671; x_wconf 90' lang='lat'><em>&#39;</em></span> <span class='ocrx_word' id='word_1_160' title='bbox 404 4635 473 4738; x_wconf 84' lang='lat' dir='ltr'><strong>Et</strong></span> <span class='ocrx_word' id='word_1_161' title='bbox 497 4633 660 4735; x_wconf 81' lang='lat' dir='ltr'>satiati</span> <span class='ocrx_word' id='word_1_162' title='bbox 685 4633 805 4770; x_wconf 83' lang='lat' dir='ltr'><strong>agni</strong></span> <span class='ocrx_word' id='word_1_163' title='bbox 829 4632 1035 4754; x_wconf 84' lang='lat' dir='ltr'><strong>ludunt,</strong></span> <span class='ocrx_word' id='word_1_164' title='bbox 1064 4632 1354 4776; x_wconf 79' lang='lat' dir='ltr'><strong>blandeque</strong></span> <span class='ocrx_word' id='word_1_165' title='bbox 1378 4635 1662 4738; x_wconf 77' lang='lat' dir='ltr'><strong>coniscant:</strong></span> <span class='ocrx_word' id='word_1_166' title='bbox 1817 4681 1819 4687; x_wconf 93' lang='lat'>·</span> 
     </span>
     <span class='ocr_line' id='line_1_25' title="bbox 406 4804 1759 4947; baseline 0.001 -34"><span class='ocrx_word' id='word_1_167' title='bbox 406 4809 595 4934; x_wconf 81' lang='lat' dir='ltr'><strong>Omnia</strong></span> <span class='ocrx_word' id='word_1_168' title='bbox 619 4847 738 4947; x_wconf 87' lang='lat' dir='ltr'><strong>quae</strong></span> <span class='ocrx_word' id='word_1_169' title='bbox 763 4804 1086 4947; x_wconf 84' lang='lat' dir='ltr'><strong>nebislonge</strong></span> <span class='ocrx_word' id='word_1_170' title='bbox 1111 4810 1320 4911; x_wconf 81' lang='lat' dir='ltr'><strong>confusa</strong></span> <span class='ocrx_word' id='word_1_171' title='bbox 1342 4810 1595 4931; x_wconf 85' lang='lat' dir='ltr'><strong>videntur,</strong></span> <span class='ocrx_word' id='word_1_172' title='bbox 1756 4936 1759 4945; x_wconf 21' lang='grc' dir='ltr'>Ι</span> 
     </span>
     <span class='ocr_line' id='line_1_26' title="bbox 405 4985 1570 5091; baseline -0.003 -1"><span class='ocrx_word' id='word_1_173' title='bbox 405 4988 475 5091; x_wconf 84' lang='lat' dir='ltr'><strong>Et</strong></span> <span class='ocrx_word' id='word_1_174' title='bbox 497 4986 655 5090; x_wconf 84' lang='lat' dir='ltr'><strong>veluti</strong></span> <span class='ocrx_word' id='word_1_175' title='bbox 679 4986 731 5086; x_wconf 92' lang='lat' dir='ltr'><strong>in</strong></span> <span class='ocrx_word' id='word_1_176' title='bbox 757 4985 906 5087; x_wconf 87' lang='lat' dir='ltr'>viridi</span> <span class='ocrx_word' id='word_1_177' title='bbox 931 4985 1121 5087; x_wconf 81' lang='lat' dir='ltr'><strong>candor</strong></span> <span class='ocrx_word' id='word_1_178' title='bbox 1144 4987 1413 5088; x_wconf 82' lang='lat' dir='ltr'><strong>consistere</strong></span> <span class='ocrx_word' id='word_1_179' title='bbox 1438 4986 1570 5087; x_wconf 88' lang='lat' dir='ltr'><strong>colli.</strong></span> 
     </span>
    </p>
   </div>
   <div class='ocr_carea' id='block_1_5' title="bbox 404 5159 1766 5392">
    <p class='ocr_par' dir='ltr' id='par_1_7' title="bbox 404 5159 1766 5392">
     <span class='ocr_line' id='line_1_27' title="bbox 404 5159 1766 5304; baseline -0.002 -37"><span class='ocrx_word' id='word_1_180' title='bbox 404 5163 659 5278; x_wconf 83' lang='lat' dir='ltr'><strong>Praeterea</strong></span> <span class='ocrx_word' id='word_1_181' title='bbox 685 5198 884 5300; x_wconf 80' lang='lat' dir='ltr'><strong>megnae</strong></span> <span class='ocrx_word' id='word_1_182' title='bbox 907 5159 1132 5300; x_wconf 83' lang='lat' dir='ltr'><strong>legiones</strong></span> <span class='ocrx_word' id='word_1_183' title='bbox 1152 5202 1315 5304; x_wconf 56' lang='lat' dir='ltr'><strong>quern,</strong></span> <span class='ocrx_word' id='word_1_184' title='bbox 1332 5164 1446 5267; x_wconf 83' lang='lat' dir='ltr'><strong>loca</strong></span> <span class='ocrx_word' id='word_1_185' title='bbox 1460 5199 1612 5267; x_wconf 90' lang='lat' dir='ltr'><strong>cursu</strong></span> <span class='ocrx_word' id='word_1_186' title='bbox 1762 5221 1766 5231; x_wconf 53' lang='lat'><em>1</em></span> 
     </span>
     <span class='ocr_line' id='line_1_28' title="bbox 451 5335 1160 5392; baseline 0 0"><span class='ocrx_word' id='word_1_187' title='bbox 451 5335 454 5339; x_wconf 88' lang='grc'>’</span> <span class='ocrx_word' id='word_1_188' title='bbox 1119 5343 1160 5392; x_wconf 73' lang='lat'><strong>12</strong></span> 
     </span>
    </p>
   </div>
   <div class='ocr_carea' id='block_1_6' title="bbox 0 0 2304 6112">
    <p class='ocr_par' dir='ltr' id='par_1_8' title="bbox 0 0 2304 6112">
     <span class='ocr_line' id='line_1_29' title="bbox 0 0 2304 6112; baseline 0 0"><span class='ocrx_word' id='word_1_189' title='bbox 0 0 2304 6112; x_wconf 95' lang='lat' dir='ltr'><strong> </strong></span> 
     </span>
    </p>
   </div>
  </div>
 </body>
</html>
