4620 6106
729 516 999 615 LIBER
1059 504 1481 603 QUARTUS.
1766 499 1869 594 ’181

378 776 487 877 Aut
511 777 650 916 quod
678 779 729 879 in
761 776 1001 913 ambiguo
1024 771 1237 875 verbnm
1257 770 1482 908 jaculata
1506 767 1733 905 reliquit,
1808 768 1811 775 ’

383 949 547 1071 Quod.
566 953 754 1091 cupido
780 953 1011 1054 adfixum
1033 947 1175 1051 cordi
1199 939 1423 1066 vivescit,
1453 968 1507 1046 ut
1531 945 1697 1082 ignis;

378 1126 487 1227 Aut
511 1129 723 1228 nimium
742 1129 935 1266 jactare
961 1126 1149 1247 neuim,
1179 1127 1395 1227 aliumve
1420 1125 1552 1224 tueri

348 1412 356 1423 ,
383 1300 537 1423 Quod
563 1326 727 1441 putat,
755 1304 804 1403 in
833 1303 1079 1440 voltuque
1105 1302 1245 1404 videt
1269 1299 1480 1436 vestigia
1504 1298 1650 1397 risus,

428 1480 603 1617 Atque
613 1479 662 1577 in
674 1475 1101 1578 amoremalahaec
1111 1477 1335 1615 proprie,
1347 1512 1645 1613 summeque
1656 1469 1877 1575 secundo

381 1649 749 1777 inveniuntur3
785 1655 839 1757 in
866 1655 1074 1756 adverso
1098 1691 1236 1772 vero,
1261 1674 1415 1789 atque
1443 1651 1583 1787 inopi
1611 1672 1746 1770 sunt,

383 1826 640 1928 Prendere
667 1867 783 1966 quae
809 1830 969 1966 possis
995 1828 1258 1928 oculorum
1285 1824 1476 1924 lumine
1503 1845 1694 1960 aper’m,

383 1999 812 2102 Innumerabilia:
852 2025 912 2101 ut
935 2002 1116 2103 melius
1134 2001 1345 2139 vigilare
1371 2001 1437 2099 sit
1460 2022 1598 2119 ante,
1744 1993 1747 2002 ’

386 2174 507 2298 Qua
532 2177 682 2277 docui
707 2178 919 2299 ratione,
948 2215 1246 2327 cavereque,
1273 2214 1336 2275 ne
1362 2173 1683 2312 inlaqneerie

385 2351 524 2453 Nam
549 2352 722 2470 vitare,
744 2352 922 2490 plagas
947 2353 1002 2453 in
1027 2354 1209 2454 amoris
1235 2355 1299 2450 ne
1324 2350 1585 2468 iaciamur,

384 2522 438 2624 N
442 2563 509 2624 on-
534 2527 604 2623 ita
629 2524 832 2625 difficile
858 2548 949 2647 est,
977 2566 1132 2667 qnam
1158 2549 1362 2664 captum
1389 2521 1588 2624 retibus
1601 2525 1724 2663 ipsis
1854 2540 1883 2563 '‘

384 2696 561 2820 Exire,
585 2706 637 2799 et
659 2698 851 2800 validos
876 2698 1092 2802 Veneris
1117 2730 1445 2839 perrumpere
1472 2698 1645 2801 nndm.

388 2987 396 2994 ,
456 2871 527 2972 Et
549 2896 719 2973 tamen
744 2875 1020 3011 implicitus
1046 2881 1258 3016 qunque
1275 2876 1454 3014 possin,
1473 2875 1634 3012 inque
1655 2875 1880 3012 peditus,

388 3045 631 3185 Effugere
656 3048 914 3170 infestum,
940 3051 1036 3151 nisi
1062 3072 1172 3151 tute
1198 3048 1293 3148 tibi
1318 3048 1501 3150 obvius
1523 3047 1725 3174 obstes;

389 3218 458 3321 Et
482 3222 839 3358 praetermittas
864 3225 1019 3323 animi
1045 3226 1166 3325 vitia
1190 3225 1360 3325 omnia
1383 3222 1628 3358 primum,

386 3391 521 3497 Tum
548 3434 667 3533 qnae
694 3397 916 3532 corporis
941 3420 1061 3497 sunt
1086 3398 1211 3535 ejus,
1240 3435 1396 3536 quam
1421 3399 1662 3534 perpetis,
1691 3436 1748 3498 ac
1772 3388 1864 3500 ris,

389 3569 526 3672 Nam
552 3569 648 3672 hoe
674 3571 868 3672 faciunt
892 3568 1127 3670 homi-nee
1140 3572 1445 3711 plerumque
1465 3574 1704 3710 cupidine
1724 3577 1882 3702 caeci;

222 3862 226 3869 Ι
390 3741 458 3844 Et
481 3741 716 3851 tribuunt
740 3781 802 3841 ea
834 3782 952 3882 quae
976 3784 1077 3847 non
1106 3769 1225 3847 sunt
1249 3745 1333 3846 his.
1353 3747 1617 3847 commoda
1640 3787 1775 3851 vere.

391 3910 715 4018 Multimodis
739 3918 900 4055 igitur
920 3958 1100 4058 pravas
1119 3921 1416 4059 turpeisque
1442 3920 1680 4022 videmus

373 4091 514 4194 'Esse
540 4094 593 4192 in
620 4092 834 4214 deliciis,
856 4131 1158 4232 summoque
1182 4095 1232 4194 in
1261 4091 1451 4195 honore
1476 4097 1669 4233 vigere.

388 4270 567 4409 Atque
588 4268 723 4368 alios‘
736 4268 820 4367 alii
846 4269 1087 4389 inrident,
1108 4268 1467 4408 Veneremque
1491 4270 1713 4376 suadent

389 4443 465 4547 Ut
490 4445 708 4582 placent,
737 4441 1139 4581 quoniamfoedo
1160 4442 1486 4543 adflictantur
1510 4480 1701 4565 amore,
1743 4470 1748 4480 '

393 4616 506 4720 Nec
533 4658 623 4753 sue
646 4619 927 4755 respiciunt
951 4618 1115 4718 miseri
1138 4618 1271 4716 mala
1294 4618 1515 4716 maxima
1539 4654 1690 4754 saepe.

221 4880 223 4885 .
391 4789 576 4931 Nigra,
602 4792 823 4930 μελὶχξοος
842 4816 948 4895 est:
986 4793 1255 4895 immunda
1275 4815 1328 4892 et
1352 4791 1547 4925 fnetida,
1574 4788 1771 4920 ἄκοσμος*

360 4952 572 5092 ’(Ῑεεεία,
598 4965 842 5066 παλλάδιον
870 5006 1095 5090 nervosa,
1123 4991 1175 5095 et
1199 4968 1384 5105 lignea,
1413 4963 1567 5104 δορκάς·

207 5188 217 5203 ·
386 5143 628 5269 Parvola,
647 5145 881 5287 pumili0‚
904 5141 1082 5289 χαρίτων
1105 5141 1172 5270 ἴα,
1195 5165 1307 5247 tota
1327 5179 1527 5244 merum
1551 5143 1661 5245 sal:
