4598 6112
463 466 544 586 :33
797 494 857 582 n
889 462 1355 581 *snn‘o'nnrrr
1422 487 1634 581 cnnr

475 751 667 855 Verum
684 752 887 854 ‘semina
911 749 1224 852 multimodis
1247 750 1465 852 immista
1488 752 1645 854 latere
1716 800 1719 806 ·
1752 769 1777 816 '1

476 924 763 1029 Multarum
788 963 960 1028 rerum
984 928 1037 1026 i'n
1059 924 1215 1025 rebus
1239 926 1526 1025 communia
1550 925 1772 1028 debent'
1902 928 1907 939 ’

543 1099 616 1202 At
635 1140 769 1241 saepe
794 1103 849 1202 in
873 1102 1071 1241 magnis
1094 1100 1154 1200 fit
1178 1098 1452 1220 montibus,
1475 1101 1664 1239 inquio,
1690 1125 1749 1202 ut
1775 1101 1913 1202 altio

474 1249 761 1378 Arboribus
779 1271 950 1379 'vicina
973 1276 1236 1378 cacumina
1263 1294 1459 1373 summa
1484 1296 1716 1376 terantur
1747 1255 1778 1291 ⁷

477 1422 619 1555 Inter
645 1479 712 1574 s'e,
736 1451 916 1554 validis
940 1449 1104 1551 facere
1129 1447 1183 1550 id
1206 1445 1506 1585 cogentibus
1531 1452 1728 1570 austris,
1753 1459 1770 1504 ¹

477 1626 660 1729 Donec
685 1626 906 1727 flammai
933 1624 1188 1725 fulserunt
1210 1624 1347 1722 flore'
1361 1645 1560 1725 coorto:

477 1801 708 1926 Soiiicet3
746 1824 799 1901 et
823 1837 925 1902 non
951 1821 1027 1898 est
1049 1797 1395 1936 lignis'tamcn
1421 1794 1600 1898 insitus
1626 1801 1774 1937 ignis,
1821 1800 1824 1807 ’

475 1973 670 2078 Verum
696 1976 887 2075 semina
912 1995 1030 2073 sunt
1053 1970 1253 2075 ardoris'
1272 1975 1447 2096 multa,
1475 1976 1688 2077 terendo

352 2124 355 2129 ¹
477 2148 612 2271 Quae
638 2186 795 2290 quom
820 2148 1129 2266 confluxere,
1155 2171 1329 2249 creant
1352 2149 1588 2251 incendia
1612 2152 1783 2289 sylvis,

477 2320 638 2445 Quod
664 2326 704 2424 si
729 2323 866 2448 fecte
886 2319 1018 2421 foret
1032 2320 1196 2458 'sylvis
1219 2321 1516 2425 abscondita
1539 2325 1760 2447 flamma,

477 2499 601 2604 Non
627 2462 839 2637 poisent
862 2495 1024 2595 ullum
1041 2517 1246 2633 tempus
1270 2498 1479 2599 celarier
1502 2499 1678 2635 ignes:

478 2673 801 2776 Confiterent
826 2671 973 2808 volgo
1001 2671 1181 2809 sylvas,
1209 2671 1416 2774 arbusta
1439 2694 1737 2776 cremarent

543 2848 578 2952 J
582 2845 894 2951 amnevides
918 2846 1093 2984 igitur,
1119 2848 1293 2985 paullo
1321 2847 1457 2987 quod
1486 2847 1709 2952 diximus
1735 2871 1870 2973 ante,
1896 2914 1901 2923 ·

476 3024 750 3162 Permagni
774 3019 960 3124 referre
987 3022 1164 3123 eadem
1188 3023 1467 3160 primordia
1491 3057 1628 3164 saepe
1671 3096 1675 3107 ·
1857 3028 1862 3039 ’

357 3174 360 3181 .
479 3201 614 3302 Cum·
639 3196 846 3338 quibuS,
873 3219 926 3296 et
949 3198 1089 3334 quali
1113 3198 1341 3334 positura
1366 3199 1740 3322 contineantur,
1853 3247 1874 3271 ··

478 3372 548 3475 Et
573 3406 702 3513 quos
725 3373 860 3472 inter
884 3409 936 3471 se
963 3370 1089 3472 dent
1111 3395 1294 3493 motus,
1321 3374 1707 3514 accipiantque3

476 3548 654 3690 Atque
678 3546 1057 3684 eadem‘paoilo
1083 3548 1215 3649 inter
1239 3585 1291 3648 se
1315 3570 1513 3649 mutata
1538 3524 1708 3653 creare
1798 3554 1803 3567 ’

480 3725 699 3866 igneise
724 3722 893 3860 lignis,
921 3757 1026 3859 quo
1050 3744 1200 3857 pacto
1228 3721 1381 3825 verba
1404 3730 1750 3866 quoque-ipsa
1776 3731 1778 3735 ’
1889 3752 1894 3765 ’

481 3899 622 4001 Inter
647 3937 697 3997 se
721 3896 896 4035 pau'lio
919 3897 1275 3996 mutatis'sunt
1298 3897 1576 4024 elementis,

394 4068 654 4193 Quom
678 4072 834 4210 ligna,
861 4069 1017 4252 atque
1042 4072 1204 4210 igneis
1224 4070 1462 4174 distincta
1485 4113 1607 4177 voce
1632 4086 1898 4184 notemus?
1942 4108 1945 4116 '

553 4231 835 4386 Denique
813 4281 923 4382 jam
948 4251 1275 4419 quaecunque
1300 4250 1353 4348 in
1378 4247 1544 4351 rebus·
1539 4254 1722 4353 cernis
1727 4256 1952 4441 apertis,

485 4424 540 4525 Si
564 4422 675 4524 fieri
700 4459 802 4520 non
826 4457 974 4558 posse
996 4442 1166 4557 putas,
1194 4423 1321 4559 quin
1347 4423 1576 4521 materiai

486 4596 715 4736 Corpora
736 4594 984 4696 consimili
1004 4616 1185 4694 natura
1209 4594 1429 4732 praedita
1450 4595 1630 4736 finges,

484 4771 597 4875 Hac
621 4772 816 4874 'ratione
839 4768 936 4870 tibi
960 4776 1184 4909 pereunt
1203 4771 1709 4911 primordiorerurnt

485 4947 597 5050 Fiet
621 4950 697 5049 uti
721 4948 826 5049 risu
851 4946 1070 5048 tremulo
1093 4986 1333 5050 concussa
1356 4939 1676 5074 cachinnent,

364 5224 367 5229 ,
487 5122 557 5225 Et
579 5123 821 5260 lacrymis¹
839 5121 980 5272 calcis
1004 5118 1301 5224 humectent
1322 5161 1426 5245 ora,
1452 5156 1730 5267 genasque.
1870 5138 1876 5152 '
