4598 6112
321 489 354 586 4
673 496 732 582 Τ.
796 485 1220 580 LUCRETII
1280 484 1486 574 CARI

320 755 392 858 Et
411 753 617 894 rapidos
644 770 847 851 tranant
871 746 1089 869 amneis3
1116 745 1184 843 ita
1203 766 1348 881 capta
1365 744 1554 882 lepore,

319 928 689 1067 illecebrisque
709 927 808 1025 tuis
826 921 989 1022 omnis
1008 942 1187 1018 natura
1211 920 1520 1020 animantum

315 1103 391 1205 Te
419 1106 653 1244 sequitur
678 1101 877 1238 cupide,
906 1137 1009 1237 quo
1035 1131 1288 1236 quamque
1313 1095 1552 1196 inducere
1576 1097 1779 1234 pergis:

318 1278 565 1418 Denique
590 1317 687 1418 per
711 1277 881 1403 maria,
909 1315 965 1376 ac
992 1273 1220 1390 monteiS,
1247 1271 1527 1411 fluviosque
1553 1273 1795 1410 rapacem,

321 1447 760 1587 Frundiferasque
785 1448 959 1549 domos
984 1448 1168 1564 avium,
1194 1481 1498 1584 camposque
1517 1445 1772 1563 virenteiS,

326 1622 584 1726 Omnibus
609 1623 859 1723 incutiens
884 1619 1129 1721 blandum
1154 1654 1247 1755 per
1269 1640 1474 1754 pectora
1499 1656 1737 1736 amorem,

326 1797 499 1899 Efficis
524 1821 583 1897 ut
608 1797 791 1935 cupide
817 1796 1096 1934 generatim
1125 1794 1270 1893 saecla
1295 1817 1596 1931 propagent.

397 1969 531 2092 Quae
557 1971 798 2109 quoniam
824 2007 993 2069 rerum
1020 1991 1251 2068 naturam
1278 1969 1382 2067 sola
1405 1967 1680 2106 gubernas,

218 2204 224 2219 =
328 2142 442 2245 Nec
462 2145 574 2244 sine
595 2165 645 2241 te
666 2143 940 2281 quicquam
967 2143 1075 2243 dias
1099 2143 1150 2242 in
1177 2142 1381 2241 luminis
1406 2181 1517 2241 oras

325 2318 585 2440 Exoritur,
606 2356 773 2457 neque
792 2319 850 2417 fit
865 2320 1056 2439 laetum,
1084 2358 1252 2458 neque
1272 2320 1485 2421 amabile
1511 2325 1784 2461 quicquam
1803 2365 1819 2444 ;

323 2491 399 2593 Te
425 2495 606 2594 sociam
634 2493 813 2593 studeo
839 2490 1122 2595 scribundis
1149 2493 1371 2596 versibus
1390 2533 1513 2617 esse,

329 2664 473 2788 Quos
498 2705 594 2804 ego
622 2666 685 2765 de
713 2704 906 2768 annun
937 2705 1163 2770 unauna
1184 2706 1407 2808 pangere
1433 2706 1587 2768 conor

328 2836 656 2941 Memmiadae
680 2861 875 2963 nostro;
903 2878 1053 2977 quem
1080 2863 1154 2963 tu,
1183 2842 1292 2962 dea,
1319 2840 1546 2980 tempore
1572 2844 1625 2941 in
1651 2844 1788 2942 omni

331 3013 588 3117 Omnibus
614 3037 848 3115 ornatum
872 3016 1075 3118 voluisti
1101 3019 1346 3120 excellere
1370 3014 1538 3116 rebus,

332 3192 451 3312 Quo
478 3193 637 3328 magis
664 3213 909 3290 aeternum
936 3189 1002 3289 da
1026 3191 1189 3312 dictis,
1217 3192 1347 3311 diva,
1374 3191 1629 3328 leporem:

332 3364 491 3466 Effice
517 3384 575 3461 ut
598 3363 790 3463 interea
816 3361 922 3463 fera
946 3399 1165 3465 moenera
1189 3366 1386 3467 militiai

332 3538 433 3640 Per
451 3538 607 3636 maria
633 3575 690 3636 ac
715 3558 873 3635 terras
892 3540 1083 3637 omneis
1110 3541 1272 3678 sopita
1297 3543 1574 3680 quiescant.

336 3709 473 3812 Nam
499 3734 553 3810 tu
583 3711 687 3811 sola
711 3733 855 3848 potes
880 3714 1157 3850 tranquilla
1179 3753 1304 3851 pace
1322 3717 1501 3853 juvare

336 3883 618 4005 MortaleiS,
647 3886 888 4024 quoniam
915 3883 1036 3986 belli
1055 3886 1163 3988 fera
1187 3927 1409 3989 moenera
1434 3889 1639 3994 Mavors

335 4058 660 4196 Armipotens
686 4059 833 4195 regit,
859 4059 909 4158 in
938 4062 1184 4199 gremium
1214 4064 1304 4201 qui
1328 4102 1462 4204 saepe
1487 4088 1633 4170 tuum
1658 4107 1711 4171 se
1831 4126 1835 4134 ·

339 4229 540 4369 Rejicit,
568 4254 757 4333 aeterno
784 4232 1044 4337 devinctus
1067 4238 1270 4337 volnere
1287 4242 1501 4366 'amoris3

338 4406 512 4543 Atque
537 4405 608 4505 ita
633 4406 908 4544 suspiciens
932 4411 1078 4509 tereti
1104 4413 1293 4511 cervice
1318 4441 1521 4553 reposta

340 4577 509 4681 Pascit
534 4615 701 4678 amore
726 4580 896 4682 avidos
922 4583 1120 4686 inhians
1144 4588 1197 4687 in
1217 4611 1290 4709 te,
1318 4589 1429 4711 dea,
1456 4593 1620 4718 visus3

343 4749 490 4890 Eque
516 4775 606 4854 tuo
631 4752 824 4892 pendet
848 4759 1073 4897 resupini
1099 4761 1304 4898 spiritus
1329 4801 1431 4865 ore.

345 4921 500 5024 Hunc
524 4946 598 5048 tu,
620 4928 751 5051 diva,
778 4952 867 5031 tuo·
891 4934 1217 5038 recubantem
1243 4976 1450 5076 corpore
1478 4964 1652 5045 sancto

347 5097 668 5204 Circumfusa
690 5142 859 5244 super,
886 5113 1079 5212 suaveis
1104 5150 1168 5214 ex
1192 5151 1278 5216 ore
1303 5115 1529 5254 loquelas
