4620 6106
363 403 365 406 ’
507 431 604 528 rea
840 422 1665 589 nnucnurncnn'r

504 693 724 797 Credere
750 733 801 795 se
823 733 1134 836 quemquam
1154 695 1250 797 sibi
1269 736 1469 798 sensum
1489 700 1539 799 in
1561 719 1720 800 morte
1740 697 1989 805 futurum.

503 867 626 971 Non
654 872 740 1006 (ut
763 872 970 1009 opinor)
996 871 1128 970 enim
1155 870 1244 971 dat
1269 872 1405 1010 quod
1433 875 1699 1011 promittit,
1727 895 1777 974 et
1803 872 1923 974 inde

502 1041 616 1145 Nec
641 1045 882 1145 radicitus
909 1083 936 1144 e
962 1045 1064 1144 vita
1088 1082 1139 1144 se
1164 1045 1312 1166 tollit,
1340 1070 1391 1146 et
1416 1047 1561 1170 eicit3

502 1216 604 1319 Sed
630 1217 749 1320 facit
774 1258 880 1319 esse
906 1220 983 1319 sui
1011 1218 1254 1356 quiddam
1281 1258 1435 1357 super
1458 1222 1644 1321 inscius
1669 1224 1793 1361 ipse.

498 1391 661 1495 Vivus
688 1397 818 1494 enim
848 1394 943 1508 sibi
970 1384 1123 1531 quom
1151 1396 1391 1531 proponit
1416 1397 1651 1534 quisque,
1678 1394 1910 1496 futurum

501 1565 701 1705 Corpus
727 1569 802 1667 uti
826 1569 1054 1670 volucres
1080 1569 1302 1668 lacerent
1327 1571 1377 1668 in
1405 1593 1564 1670 morte
1590 1569 1832 1709 feraeque,

499 1741 617 1882 Ipse
644 1744 720 1842 sui
745 1743 979 1844 miseret:
1020 1781 1189 1882 neque
1215 1744 1349 1843 enim
1375 1782 1426 1844 se
1452 1743 1632 1844 dividit
1658 1744 1858 1864 hilum‚‘

498 1916 614 2020 Nec
640 1941 863 2018 removet
889 1919 1006 2018 satis
1033 1956 1062 2017 a
1085 1916 1311 2056 projecto
1339 1955 1578 2055 corpore3
1617 1941 1668 2018 et
1693 1919 1822 2018 illud

498 2092 564 2194 Se
589 2094 754 2230 fingit,
783 2129 1036 2231 sensuque
1064 2129 1155 2191 suo
1182 2093 1490 2191 contaminat
1515 2092 1732 2195 adstans,
1810 2070 1813 2074 ⁴

497 2271 635 2373 Hine
660 2271 958 2408 indignatur
984 2307 1035 2368 se
1062 2267 1325 2369 mortalem
1352 2303 1457 2365 esse
1483 2289 1723 2381 creatum,
1839 2265 1846 2276 ’

497 2445 612 2546 Nec
638 2445 795 2555 videt„
817 2445 870 2543 in
895 2481 1014 2544 vera
1037 2443 1237 2542 nullum
1262 2440 1368 2541 fore
1394 2465 1554 2541 morte
1581 2443 1734 2543 alium
1761 2480 1843 2568 se;

496 2618 601 2740 Qui
626 2621 785 2758 possit
807 2621 949 2720 vivus
975 2619 1069 2719 sibi
1097 2658 1147 2719 se
1173 2620 1349 2754 lugere
1374 2641 1713 2755 peremptum,

495 2798 748 2937 Stansque
767 2796 1037 2934 jacentem,
1065 2834 1158 2895 nec
1181 2778 1407 2910 lacerari,
1436 2793 1574 2891 urive
1602 2792 1797 2936 dolere..

493 2971 632 3076 Nam
661 2974 700 3073 si
718 2973 779 3072 in
807 2991 968 3072 morte
995 2971 1185 3101 malurn
1211 2990 1287 3069 est
1306 2968 1449 3067 malis
1469 2986 1741 3110 morsuque
1761 2970 1981 3075 ferarum

490 3145 736 3266 Tractari,
757 3186 865 3245 non
890 3147 1092 3246 invenio
1118 3144 1207 3281 qul
1232 3181 1333 3241 non
1360 3143 1423 3241 sit
1448 3143 1686 3243 acerbum

492 3317 706 3459 Ignibus
733 3321 1022 3456 impositum
1049 3319 1222 3419 calidis
1247 3340 1517 3417 torrescere
1543 3321 1787 3444 flammis3

489 3492 600 3595 Aut
624 3495 677 3593 in
704 3493 856 3592 melle
884 3495 1037 3593 situm
1064 3492 1313 3612 suffocari,
1341 3515 1496 3632 atque
1521 3493 1686 3631 rigere

491 3667 716 3807 Frigore,
745 3641 900 3807 quom
926 3670 979 3767 in
1007 3693 1201 3768 summo
1227 3670 1384 3807 gelidi
1410 3667 1564 3769 cubat
1588 3708 1793 3809 aequore
1821 3671 1961 3796 saxi3
2022 3735 2025 3740 ·

488 3840 738 3981 Urgerive
765 3879 981 3978 superne
1007 3843 1248 3943 obtritum
1276 3843 1501 3981 pondere
1527 3866 1689 3945 terrae.

475 4022 477 4025 ’
559 4019 629 4116 At
644 4019 751 4154 jam
778 4056 879 4116 non
907 4017 1087 4117 domus
1112 4018 1324 4154 accipiet
1348 4041 1399 4117 te
1425 4019 1557 4137 laeta,
1584 4058 1755 4159 neque
1782 4042 1910 4119 uxor

489 4191 717 4330 Optima,
744 4231 837 4292 nec
863 4192 1035 4293 dulces
1060 4214 1328 4292 occurrent
1352 4193 1521 4293 oscula
1541 4196 1646 4292 nati
1902 4191 1904 4194 ’

486 4368 785 4505 Praeripere,
815 4389 865 4465 et
889 4368 1041 4465 tacita
1065 4388 1243 4503 pectus
1263 4366 1533 4466 dulcedine
1559 4389 1801 4506 tangent3

485 4542 608 4644 Non
634 4542 823 4677 poteris
849 4538 993 4640 factis
1017 4539 1111 4639 tibi
1138 4537 1355 4638 fortibus
1382 4577 1486 4640 esse
1513 4544 1717 4680 tuisque

484 4715 730 4816 Praesidio
751 4754 760 4814 :
804 4711 990 4813 Miser!
1014 4752 1061 4813 ,ο
1087 4712 1262 4813 miser!
1303 4715 1461 4834 aiunt,
1482 4717 1655 4815 omnia
1680 4716 1870 4822 ademit

481 4888 602 4994 Una
628 4890 735 4989 dies
759 4886 940 4988 infesta
966 4887 1162 4987 tibi'tot
1185 4891 1396 5024 praemia
1420 4891 1553 4991 vitae.

481 5063 617 5166 Illud
642 5064 694 5163 in
720 5060 799 5163 his
824 5038 975 5162 rebus
1001 5101 1101 5163 non
1130 5059 1344 5185 addunt,
1369 5062 1480 5165 Nec
1506 5065 1599 5164 tibi
1628 5102 1801 5167 earum
