<?xml version="1.0" encoding="UTF-8"?>
<!DOCTYPE html PUBLIC "-//W3C//DTD XHTML 1.0 Transitional//EN"
    "http://www.w3.org/TR/xhtml1/DTD/xhtml1-transitional.dtd">
<html xmlns="http://www.w3.org/1999/xhtml" xml:lang="en" lang="en">
 <head>
  <title>
</title>
<meta http-equiv="Content-Type" content="text/html;charset=utf-8" />
  <meta name='ocr-system' content='tesseract 3.04.00' />
  <meta name='ocr-capabilities' content='ocr_page ocr_carea ocr_par ocr_line ocrx_word'/>
</head>
<body>
  <div class='ocr_page' id='page_1' title='image "./titilucretiicar05carugoog_0033.png"; bbox 0 0 4598 6112; ppageno 0'>
   <div class='ocr_carea' id='block_1_1' title="bbox 487 454 1634 577">
    <p class='ocr_par' dir='ltr' id='par_1_1' title="bbox 487 454 1634 577">
     <span class='ocr_line' id='line_1_1' title="bbox 487 454 1634 577; baseline -0.003 0"><span class='ocrx_word' id='word_1_1' title='bbox 487 476 557 577; x_wconf 76' lang='grc'>11</span> <span class='ocrx_word' id='word_1_2' title='bbox 811 487 869 572; x_wconf 83' lang='lat' dir='ltr'>r.</span> <span class='ocrx_word' id='word_1_3' title='bbox 934 454 1362 576; x_wconf 75' lang='grc'><strong>1110110111</strong></span> <span class='ocrx_word' id='word_1_4' title='bbox 1421 464 1634 577; x_wconf 71' lang='lat' dir='ltr'>&#39;cunr</span> 
     </span>
    </p>
   </div>
   <div class='ocr_carea' id='block_1_2' title="bbox 351 740 1951 5061">
    <p class='ocr_par' dir='ltr' id='par_1_2' title="bbox 351 740 1932 2084">
     <span class='ocr_line' id='line_1_2' title="bbox 478 740 1724 881; baseline -0.002 -34"><span class='ocrx_word' id='word_1_5' title='bbox 478 740 613 848; x_wconf 86' lang='lat' dir='ltr'>Nam</span> <span class='ocrx_word' id='word_1_6' title='bbox 641 779 811 881; x_wconf 89' lang='lat' dir='ltr'>neque</span> <span class='ocrx_word' id='word_1_7' title='bbox 837 740 1025 841; x_wconf 88' lang='lat' dir='ltr'>conlidi</span> <span class='ocrx_word' id='word_1_8' title='bbox 1051 740 1159 840; x_wconf 89' lang='lat' dir='ltr'>sine</span> <span class='ocrx_word' id='word_1_9' title='bbox 1187 741 1325 841; x_wconf 87' lang='lat' dir='ltr'>inani</span> <span class='ocrx_word' id='word_1_10' title='bbox 1350 780 1496 881; x_wconf 88' lang='lat' dir='ltr'>posse</span> <span class='ocrx_word' id='word_1_11' title='bbox 1523 744 1724 846; x_wconf 89' lang='lat' dir='ltr'>videtur</span> 
     </span>
     <span class='ocr_line' id='line_1_3' title="bbox 478 914 1888 1056; baseline 0.001 -38"><span class='ocrx_word' id='word_1_12' title='bbox 478 915 796 1056; x_wconf 82' lang='lat' dir='ltr'><strong>Quidquam,</strong></span> <span class='ocrx_word' id='word_1_13' title='bbox 824 953 917 1016; x_wconf 89' lang='lat' dir='ltr'>nec</span> <span class='ocrx_word' id='word_1_14' title='bbox 943 914 1127 1052; x_wconf 84' lang='lat' dir='ltr'>frangi,</span> <span class='ocrx_word' id='word_1_15' title='bbox 1154 953 1248 1015; x_wconf 90' lang='lat' dir='ltr'>nec</span> <span class='ocrx_word' id='word_1_16' title='bbox 1274 915 1401 1016; x_wconf 91' lang='lat' dir='ltr'>findi</span> <span class='ocrx_word' id='word_1_17' title='bbox 1427 918 1477 1017; x_wconf 89' lang='lat' dir='ltr'>in</span> <span class='ocrx_word' id='word_1_18' title='bbox 1507 917 1626 1018; x_wconf 89' lang='lat' dir='ltr'>bina</span> <span class='ocrx_word' id='word_1_19' title='bbox 1650 920 1888 1043; x_wconf 84' lang='lat' dir='ltr'>secand03</span> 
     </span>
     <span class='ocr_line' id='line_1_4' title="bbox 478 1089 1932 1230; baseline -0.003 -33"><span class='ocrx_word' id='word_1_20' title='bbox 478 1092 592 1196; x_wconf 91' lang='lat' dir='ltr'>Nec</span> <span class='ocrx_word' id='word_1_21' title='bbox 618 1120 799 1230; x_wconf 87' lang='lat' dir='ltr'>capere</span> <span class='ocrx_word' id='word_1_22' title='bbox 826 1089 1108 1208; x_wconf 90' lang='lat' dir='ltr'>humorem,</span> <span class='ocrx_word' id='word_1_23' title='bbox 1136 1127 1304 1226; x_wconf 90' lang='lat' dir='ltr'>neque</span> <span class='ocrx_word' id='word_1_24' title='bbox 1331 1090 1453 1191; x_wconf 88' lang='lat' dir='ltr'>item</span> <span class='ocrx_word' id='word_1_25' title='bbox 1480 1093 1729 1194; x_wconf 84' lang='lat' dir='ltr'>manabile</span> <span class='ocrx_word' id='word_1_26' title='bbox 1754 1092 1932 1229; x_wconf 75' lang='lat' dir='ltr'>friguS,</span> 
     </span>
     <span class='ocr_line' id='line_1_5' title="bbox 478 1261 1932 1405; baseline -0.002 -35"><span class='ocrx_word' id='word_1_27' title='bbox 478 1265 594 1371; x_wconf 88' lang='lat' dir='ltr'>Neo</span> <span class='ocrx_word' id='word_1_28' title='bbox 620 1265 932 1405; x_wconf 82' lang='lat' dir='ltr'>penetralem</span> <span class='ocrx_word' id='word_1_29' title='bbox 958 1263 1145 1399; x_wconf 84' lang='lat' dir='ltr'>ignem,</span> <span class='ocrx_word' id='word_1_30' title='bbox 1174 1261 1363 1400; x_wconf 86' lang='lat' dir='ltr'>quihus</span> <span class='ocrx_word' id='word_1_31' title='bbox 1387 1266 1555 1366; x_wconf 89' lang='lat' dir='ltr'>omnia</span> <span class='ocrx_word' id='word_1_32' title='bbox 1578 1267 1932 1368; x_wconf 87' lang='lat' dir='ltr'>conficiuntur.</span> 
     </span>
     <span class='ocr_line' id='line_1_6' title="bbox 479 1435 1855 1581; baseline 0 -38"><span class='ocrx_word' id='word_1_33' title='bbox 479 1441 549 1544; x_wconf 89' lang='lat' dir='ltr'>Et</span> <span class='ocrx_word' id='word_1_34' title='bbox 573 1479 728 1581; x_wconf 88' lang='lat' dir='ltr'>quam</span> <span class='ocrx_word' id='word_1_35' title='bbox 755 1476 979 1579; x_wconf 84' lang='lat' dir='ltr'>quaeque</span> <span class='ocrx_word' id='word_1_36' title='bbox 1006 1438 1167 1574; x_wconf 87' lang='lat' dir='ltr'>magis</span> <span class='ocrx_word' id='word_1_37' title='bbox 1192 1435 1396 1537; x_wconf 85' lang='lat' dir='ltr'>cohibet</span> <span class='ocrx_word' id='word_1_38' title='bbox 1421 1478 1499 1540; x_wconf 89' lang='lat' dir='ltr'>res</span> <span class='ocrx_word' id='word_1_39' title='bbox 1527 1442 1663 1542; x_wconf 90' lang='lat' dir='ltr'>intus</span> <span class='ocrx_word' id='word_1_40' title='bbox 1688 1443 1855 1561; x_wconf 85' lang='lat' dir='ltr'>inane,</span> 
     </span>
     <span class='ocr_line' id='line_1_7' title="bbox 477 1609 1770 1752; baseline 0.001 -36"><span class='ocrx_word' id='word_1_41' title='bbox 477 1613 604 1716; x_wconf 89' lang='lat' dir='ltr'>Tam</span> <span class='ocrx_word' id='word_1_42' title='bbox 631 1615 790 1752; x_wconf 86' lang='lat' dir='ltr'>magis</span> <span class='ocrx_word' id='word_1_43' title='bbox 817 1611 894 1712; x_wconf 91' lang='lat' dir='ltr'>his</span> <span class='ocrx_word' id='word_1_44' title='bbox 919 1609 1072 1712; x_wconf 87' lang='lat' dir='ltr'>rebus</span> <span class='ocrx_word' id='word_1_45' title='bbox 1098 1612 1303 1747; x_wconf 90' lang='lat' dir='ltr'>penitus</span> <span class='ocrx_word' id='word_1_46' title='bbox 1329 1635 1524 1714; x_wconf 88' lang='lat' dir='ltr'>tentata</span> <span class='ocrx_word' id='word_1_47' title='bbox 1545 1615 1770 1717; x_wconf 85' lang='lat' dir='ltr'>labascit.</span> 
     </span>
     <span class='ocr_line' id='line_1_8' title="bbox 351 1784 1709 1928; baseline -0.001 -38"><span class='ocrx_word' id='word_1_48' title='bbox 351 1862 353 1867; x_wconf 91' lang='lat'><em>-</em></span> <span class='ocrx_word' id='word_1_49' title='bbox 482 1787 637 1928; x_wconf 87' lang='lat' dir='ltr'>Ergo,</span> <span class='ocrx_word' id='word_1_50' title='bbox 665 1791 705 1888; x_wconf 89' lang='lat' dir='ltr'>si</span> <span class='ocrx_word' id='word_1_51' title='bbox 731 1787 906 1906; x_wconf 89' lang='lat' dir='ltr'>solida,</span> <span class='ocrx_word' id='word_1_52' title='bbox 934 1823 990 1885; x_wconf 90' lang='lat' dir='ltr'>ac</span> <span class='ocrx_word' id='word_1_53' title='bbox 1016 1784 1122 1884; x_wconf 91' lang='lat' dir='ltr'>sine</span> <span class='ocrx_word' id='word_1_54' title='bbox 1148 1785 1285 1883; x_wconf 88' lang='lat' dir='ltr'>inani</span> <span class='ocrx_word' id='word_1_55' title='bbox 1310 1824 1522 1923; x_wconf 88' lang='lat' dir='ltr'>corpora</span> <span class='ocrx_word' id='word_1_56' title='bbox 1546 1791 1709 1925; x_wconf 84' lang='lat' dir='ltr'>prima</span> 
     </span>
     <span class='ocr_line' id='line_1_9' title="bbox 482 1957 1843 2084; baseline 0.003 -20"><span class='ocrx_word' id='word_1_57' title='bbox 482 1964 631 2084; x_wconf 89' lang='lat' dir='ltr'>Sunt,</span> <span class='ocrx_word' id='word_1_58' title='bbox 653 1966 724 2064; x_wconf 91' lang='lat' dir='ltr'>ita</span> <span class='ocrx_word' id='word_1_59' title='bbox 749 1963 825 2062; x_wconf 90' lang='lat' dir='ltr'>uti</span> <span class='ocrx_word' id='word_1_60' title='bbox 851 1961 1017 2079; x_wconf 90' lang='lat' dir='ltr'>docui,</span> <span class='ocrx_word' id='word_1_61' title='bbox 1046 1961 1146 2059; x_wconf 90' lang='lat' dir='ltr'>sint</span> <span class='ocrx_word' id='word_1_62' title='bbox 1172 1957 1282 2060; x_wconf 87' lang='lat' dir='ltr'>haec</span> <span class='ocrx_word' id='word_1_63' title='bbox 1308 1985 1498 2063; x_wconf 84' lang='lat' dir='ltr'>aeterna</span> <span class='ocrx_word' id='word_1_64' title='bbox 1523 2002 1725 2064; x_wconf 87' lang='lat' dir='ltr'>necesse</span> <span class='ocrx_word' id='word_1_65' title='bbox 1754 1990 1843 2069; x_wconf 90' lang='lat' dir='ltr'>est.</span> 
     </span>
    </p>

    <p class='ocr_par' dir='ltr' id='par_1_3' title="bbox 454 2136 1951 4018">
     <span class='ocr_line' id='line_1_10' title="bbox 552 2136 1638 2257; baseline -0.005 -16"><span class='ocrx_word' id='word_1_66' title='bbox 552 2138 824 2257; x_wconf 84' lang='lat' dir='ltr'>Praeterea,</span> <span class='ocrx_word' id='word_1_67' title='bbox 850 2139 946 2237; x_wconf 90' lang='lat' dir='ltr'>nisi</span> <span class='ocrx_word' id='word_1_68' title='bbox 971 2137 1204 2236; x_wconf 86' lang='lat' dir='ltr'>materies</span> <span class='ocrx_word' id='word_1_69' title='bbox 1230 2157 1421 2236; x_wconf 85' lang='lat' dir='ltr'>aeterna</span> <span class='ocrx_word' id='word_1_70' title='bbox 1445 2136 1638 2256; x_wconf 85' lang='lat' dir='ltr'>fnisset,</span> 
     </span>
     <span class='ocr_line' id='line_1_11' title="bbox 480 2296 1929 2450; baseline -0.001 -34"><span class='ocrx_word' id='word_1_71' title='bbox 480 2313 714 2416; x_wconf 85' lang='lat' dir='ltr'>Antehac</span> <span class='ocrx_word' id='word_1_72' title='bbox 739 2313 803 2413; x_wconf 88' lang='lat' dir='ltr'>ad</span> <span class='ocrx_word' id='word_1_73' title='bbox 829 2311 1045 2412; x_wconf 89' lang='lat' dir='ltr'>nihilum</span> <span class='ocrx_word' id='word_1_74' title='bbox 1072 2296 1276 2449; x_wconf 85' lang='lat' dir='ltr'>penit&#39;us</span> <span class='ocrx_word' id='word_1_75' title='bbox 1301 2348 1380 2409; x_wconf 89' lang='lat' dir='ltr'>res</span> <span class='ocrx_word' id='word_1_76' title='bbox 1406 2348 1630 2450; x_wconf 86' lang='lat' dir='ltr'>quaeque</span> <span class='ocrx_word' id='word_1_77' title='bbox 1656 2312 1929 2431; x_wconf 70' lang='lat' dir='ltr'>redissent,</span> 
     </span>
     <span class='ocr_line' id='line_1_12' title="bbox 482 2485 1872 2628; baseline -0.004 -39"><span class='ocrx_word' id='word_1_78' title='bbox 482 2486 566 2590; x_wconf 92' lang='lat' dir='ltr'>De</span> <span class='ocrx_word' id='word_1_79' title='bbox 592 2488 856 2628; x_wconf 85' lang='lat' dir='ltr'>nihiloque</span> <span class='ocrx_word' id='word_1_80' title='bbox 882 2509 1057 2586; x_wconf 88' lang='lat' dir='ltr'>renata</span> <span class='ocrx_word' id='word_1_81' title='bbox 1081 2485 1250 2585; x_wconf 89' lang='lat' dir='ltr'>forent</span> <span class='ocrx_word' id='word_1_82' title='bbox 1275 2519 1601 2623; x_wconf 84' lang='lat' dir='ltr'>quaecunque</span> <span class='ocrx_word' id='word_1_83' title='bbox 1626 2485 1872 2586; x_wconf 81' lang='lat' dir='ltr'>videmus</span> 
     </span>
     <span class='ocr_line' id='line_1_13' title="bbox 482 2657 1656 2803; baseline -0.007 -39"><span class='ocrx_word' id='word_1_84' title='bbox 482 2665 554 2763; x_wconf 90' lang='lat' dir='ltr'>At</span> <span class='ocrx_word' id='word_1_85' title='bbox 579 2665 820 2803; x_wconf 90' lang='lat' dir='ltr'>quoniam</span> <span class='ocrx_word' id='word_1_86' title='bbox 846 2699 1031 2797; x_wconf 88' lang='lat' dir='ltr'>supera</span> <span class='ocrx_word' id='word_1_87' title='bbox 1055 2658 1206 2760; x_wconf 89' lang='lat' dir='ltr'>docui</span> <span class='ocrx_word' id='word_1_88' title='bbox 1231 2657 1302 2755; x_wconf 91' lang='lat' dir='ltr'>nil</span> <span class='ocrx_word' id='word_1_89' title='bbox 1328 2694 1473 2793; x_wconf 87' lang='lat' dir='ltr'>posse</span> <span class='ocrx_word' id='word_1_90' title='bbox 1500 2659 1656 2759; x_wconf 86' lang='lat' dir='ltr'>creari</span> 
     </span>
     <span class='ocr_line' id='line_1_14' title="bbox 454 2832 1951 2981; baseline -0.001 -43"><span class='ocrx_word' id='word_1_91' title='bbox 454 2836 568 2981; x_wconf 61' lang='lat' dir='ltr'>,De</span> <span class='ocrx_word' id='word_1_92' title='bbox 594 2836 771 2956; x_wconf 90' lang='lat' dir='ltr'>nihilo,</span> <span class='ocrx_word' id='word_1_93' title='bbox 799 2874 968 2974; x_wconf 87' lang='lat' dir='ltr'>neque</span> <span class='ocrx_word' id='word_1_94' title='bbox 995 2832 1135 2973; x_wconf 90' lang='lat' dir='ltr'>quod</span> <span class='ocrx_word' id='word_1_95' title='bbox 1160 2833 1392 2970; x_wconf 85' lang='lat' dir='ltr'>genitum</span> <span class='ocrx_word' id='word_1_96' title='bbox 1418 2855 1494 2931; x_wconf 92' lang='lat' dir='ltr'>est</span> <span class='ocrx_word' id='word_1_97' title='bbox 1518 2832 1582 2931; x_wconf 90' lang='lat' dir='ltr'>ad</span> <span class='ocrx_word' id='word_1_98' title='bbox 1608 2834 1679 2933; x_wconf 92' lang='lat' dir='ltr'>nil</span> <span class='ocrx_word' id='word_1_99' title='bbox 1705 2838 1951 2958; x_wconf 81' lang='lat' dir='ltr'>revocari&#39;;</span> 
     </span>
     <span class='ocr_line' id='line_1_15' title="bbox 485 3005 1667 3165; baseline -0.003 -55"><span class='ocrx_word' id='word_1_100' title='bbox 485 3009 606 3112; x_wconf 87' lang='lat' dir='ltr'>Esse</span> <span class='ocrx_word' id='word_1_101' title='bbox 627 3008 897 3110; x_wconf 88' lang='lat' dir='ltr'>immortali</span> <span class='ocrx_word' id='word_1_102' title='bbox 922 3008 1200 3146; x_wconf 88' lang='lat' dir='ltr'>primordia</span> <span class='ocrx_word' id='word_1_103' title='bbox 1225 3044 1434 3143; x_wconf 88' lang='lat' dir='ltr'>corpore</span> <span class='ocrx_word' id='word_1_104' title='bbox 1461 3005 1667 3165; x_wconf 77' lang='lat' dir='ltr'>debent,</span> 
     </span>
     <span class='ocr_line' id='line_1_16' title="bbox 483 3180 1853 3320; baseline 0 -37"><span class='ocrx_word' id='word_1_105' title='bbox 483 3180 707 3284; x_wconf 81' lang='lat' dir='ltr'>Dissolvi</span> <span class='ocrx_word' id='word_1_106' title='bbox 734 3222 839 3320; x_wconf 93' lang='lat' dir='ltr'>quo</span> <span class='ocrx_word' id='word_1_107' title='bbox 865 3221 1088 3319; x_wconf 88' lang='lat' dir='ltr'>quaeque</span> <span class='ocrx_word' id='word_1_108' title='bbox 1116 3218 1354 3317; x_wconf 87' lang='lat' dir='ltr'>supremo</span> <span class='ocrx_word' id='word_1_109' title='bbox 1379 3202 1606 3317; x_wconf 88' lang='lat' dir='ltr'>tempore</span> <span class='ocrx_word' id='word_1_110' title='bbox 1629 3185 1853 3319; x_wconf 85' lang='lat' dir='ltr'>possint3</span> 
     </span>
     <span class='ocr_line' id='line_1_17' title="bbox 485 3339 1646 3494; baseline -0.003 -36"><span class='ocrx_word' id='word_1_111' title='bbox 485 3339 728 3458; x_wconf 87' lang='lat' dir='ltr'>Materies</span> <span class='ocrx_word' id='word_1_112' title='bbox 753 3381 812 3459; x_wconf 92' lang='lat' dir='ltr'>ut</span> <span class='ocrx_word' id='word_1_113' title='bbox 838 3356 1134 3494; x_wconf 87' lang='lat' dir='ltr'>suppeditet</span> <span class='ocrx_word' id='word_1_114' title='bbox 1158 3353 1310 3455; x_wconf 90' lang='lat' dir='ltr'>rebus</span> <span class='ocrx_word' id='word_1_115' title='bbox 1335 3353 1646 3489; x_wconf 87' lang='lat' dir='ltr'>reparandis.</span> 
     </span>
     <span class='ocr_line' id='line_1_18' title="bbox 487 3530 1657 3671; baseline -0.003 -37"><span class='ocrx_word' id='word_1_116' title='bbox 487 3532 622 3635; x_wconf 86' lang='lat' dir='ltr'>Sunt</span> <span class='ocrx_word' id='word_1_117' title='bbox 646 3534 806 3671; x_wconf 85' lang='lat' dir='ltr'>igitur</span> <span class='ocrx_word' id='word_1_118' title='bbox 836 3530 995 3631; x_wconf 83' lang='lat' dir='ltr'>solida</span> <span class='ocrx_word' id='word_1_119' title='bbox 1020 3530 1296 3668; x_wconf 87' lang='lat' dir='ltr'>primordia</span> <span class='ocrx_word' id='word_1_120' title='bbox 1320 3530 1657 3666; x_wconf 87' lang='lat' dir='ltr'>simplicitate,</span> 
     </span>
     <span class='ocr_line' id='line_1_19' title="bbox 484 3706 1689 3844; baseline -0.002 -35"><span class='ocrx_word' id='word_1_121' title='bbox 484 3706 600 3809; x_wconf 91' lang='lat' dir='ltr'>Nec</span> <span class='ocrx_word' id='word_1_122' title='bbox 625 3709 820 3807; x_wconf 86' lang='lat' dir='ltr'>ratione</span> <span class='ocrx_word' id='word_1_123' title='bbox 846 3727 1047 3844; x_wconf 87' lang='lat' dir='ltr'>queunt</span> <span class='ocrx_word' id='word_1_124' title='bbox 1072 3706 1170 3804; x_wconf 89' lang='lat' dir='ltr'>alia</span> <span class='ocrx_word' id='word_1_125' title='bbox 1195 3727 1388 3807; x_wconf 89' lang='lat' dir='ltr'>servata</span> <span class='ocrx_word' id='word_1_126' title='bbox 1413 3742 1507 3840; x_wconf 89' lang='lat' dir='ltr'>per</span> <span class='ocrx_word' id='word_1_127' title='bbox 1531 3745 1689 3806; x_wconf 88' lang='lat' dir='ltr'>aevom</span> 
     </span>
     <span class='ocr_line' id='line_1_20' title="bbox 484 3880 1546 4018; baseline -0.005 -35"><span class='ocrx_word' id='word_1_128' title='bbox 484 3880 566 3983; x_wconf 87' lang='lat' dir='ltr'>Ex</span> <span class='ocrx_word' id='word_1_129' title='bbox 590 3881 789 3982; x_wconf 87' lang='lat' dir='ltr'>infinito</span> <span class='ocrx_word' id='word_1_130' title='bbox 806 3880 914 4018; x_wconf 87' lang='lat' dir='ltr'>jam</span> <span class='ocrx_word' id='word_1_131' title='bbox 938 3901 1167 4016; x_wconf 88' lang='lat' dir='ltr'>tempore</span> <span class='ocrx_word' id='word_1_132' title='bbox 1192 3916 1272 3978; x_wconf 87' lang='lat' dir='ltr'>res</span> <span class='ocrx_word' id='word_1_133' title='bbox 1296 3915 1546 4014; x_wconf 86' lang='lat' dir='ltr'>reparare.</span> 
     </span>
    </p>

    <p class='ocr_par' dir='ltr' id='par_1_4' title="bbox 464 4054 1828 5061">
     <span class='ocr_line' id='line_1_21' title="bbox 554 4054 1736 4194; baseline 0.001 -38"><span class='ocrx_word' id='word_1_134' title='bbox 554 4054 814 4194; x_wconf 90' lang='lat' dir='ltr'>Denique,</span> <span class='ocrx_word' id='word_1_135' title='bbox 842 4055 882 4153; x_wconf 90' lang='lat' dir='ltr'>si</span> <span class='ocrx_word' id='word_1_136' title='bbox 907 4054 1100 4154; x_wconf 89' lang='lat' dir='ltr'>nullam</span> <span class='ocrx_word' id='word_1_137' title='bbox 1124 4054 1277 4153; x_wconf 91' lang='lat' dir='ltr'>finem</span> <span class='ocrx_word' id='word_1_138' title='bbox 1303 4075 1484 4154; x_wconf 88' lang='lat' dir='ltr'>natura</span> <span class='ocrx_word' id='word_1_139' title='bbox 1509 4081 1736 4192; x_wconf 82' lang='lat' dir='ltr'>parasset</span> 
     </span>
     <span class='ocr_line' id='line_1_22' title="bbox 485 4226 1606 4367; baseline -0.002 -38"><span class='ocrx_word' id='word_1_140' title='bbox 485 4227 798 4367; x_wconf 86' lang='lat' dir='ltr'>Frangendis</span> <span class='ocrx_word' id='word_1_141' title='bbox 825 4226 991 4347; x_wconf 90' lang='lat' dir='ltr'>rebus,</span> <span class='ocrx_word' id='word_1_142' title='bbox 1011 4226 1118 4364; x_wconf 87' lang='lat' dir='ltr'>jarn</span> <span class='ocrx_word' id='word_1_143' title='bbox 1144 4229 1355 4365; x_wconf 80' lang='lat' dir='ltr'>corpora</span> <span class='ocrx_word' id='word_1_144' title='bbox 1379 4230 1606 4328; x_wconf 88' lang='lat' dir='ltr'>materiai</span> 
     </span>
     <span class='ocr_line' id='line_1_23' title="bbox 483 4399 1738 4544; baseline -0.005 -37"><span class='ocrx_word' id='word_1_145' title='bbox 483 4401 665 4544; x_wconf 91' lang='lat' dir='ltr'>Usque</span> <span class='ocrx_word' id='word_1_146' title='bbox 690 4400 894 4502; x_wconf 88' lang='lat' dir='ltr'>redacta</span> <span class='ocrx_word' id='word_1_147' title='bbox 917 4399 1098 4518; x_wconf 86' lang='lat' dir='ltr'>forent,</span> <span class='ocrx_word' id='word_1_148' title='bbox 1126 4437 1233 4500; x_wconf 88' lang='lat' dir='ltr'>aevo</span> <span class='ocrx_word' id='word_1_149' title='bbox 1258 4399 1524 4538; x_wconf 87' lang='lat' dir='ltr'>frangente</span> <span class='ocrx_word' id='word_1_150' title='bbox 1553 4403 1738 4536; x_wconf 88' lang='lat' dir='ltr'>priore,</span> 
     </span>
     <span class='ocr_line' id='line_1_24' title="bbox 482 4562 1636 4711; baseline -0.006 -30"><span class='ocrx_word' id='word_1_151' title='bbox 482 4576 559 4681; x_wconf 93' lang='lat' dir='ltr'>Ut</span> <span class='ocrx_word' id='word_1_152' title='bbox 583 4575 709 4676; x_wconf 90' lang='lat' dir='ltr'>nihil</span> <span class='ocrx_word' id='word_1_153' title='bbox 735 4613 798 4675; x_wconf 88' lang='lat' dir='ltr'>ex</span> <span class='ocrx_word' id='word_1_154' title='bbox 825 4572 923 4671; x_wconf 88' lang='lat' dir='ltr'>illis</span> <span class='ocrx_word' id='word_1_155' title='bbox 948 4610 977 4671; x_wconf 88' lang='lat' dir='ltr'>a</span> <span class='ocrx_word' id='word_1_156' title='bbox 1002 4593 1139 4671; x_wconf 86' lang='lat' dir='ltr'>certo</span> <span class='ocrx_word' id='word_1_157' title='bbox 1165 4594 1394 4711; x_wconf 90' lang='lat' dir='ltr'>tempore</span> <span class='ocrx_word' id='word_1_158' title='bbox 1421 4562 1591 4711; x_wconf 87' lang='lat' dir='ltr'>posset</span> <span class='ocrx_word' id='word_1_159' title='bbox 1633 4647 1636 4651; x_wconf 60' lang='grc'><strong><em>«</em></strong></span> 
     </span>
     <span class='ocr_line' id='line_1_25' title="bbox 464 4748 1828 4886; baseline 0.011 -45"><span class='ocrx_word' id='word_1_160' title='bbox 464 4748 821 4885; x_wconf 90' lang='lat' dir='ltr'>.Conceptum,</span> <span class='ocrx_word' id='word_1_161' title='bbox 848 4781 1100 4844; x_wconf 90' lang='lat' dir='ltr'>summum</span> <span class='ocrx_word' id='word_1_162' title='bbox 1128 4748 1290 4847; x_wconf 88' lang='lat' dir='ltr'>aetatis</span> <span class='ocrx_word' id='word_1_163' title='bbox 1316 4748 1591 4886; x_wconf 88' lang='lat' dir='ltr'>pervadere</span> <span class='ocrx_word' id='word_1_164' title='bbox 1621 4752 1828 4856; x_wconf 90' lang='lat' dir='ltr'>florem:</span> 
     </span>
     <span class='ocr_line' id='line_1_26' title="bbox 483 4917 1690 5061; baseline -0.001 -37"><span class='ocrx_word' id='word_1_165' title='bbox 483 4921 622 5024; x_wconf 89' lang='lat' dir='ltr'>Nam</span> <span class='ocrx_word' id='word_1_166' title='bbox 648 4919 849 5061; x_wconf 88' lang='lat' dir='ltr'>quidvis</span> <span class='ocrx_word' id='word_1_167' title='bbox 874 4919 1021 5019; x_wconf 88' lang='lat' dir='ltr'>citius</span> <span class='ocrx_word' id='word_1_168' title='bbox 1049 4917 1248 5021; x_wconf 88' lang='lat' dir='ltr'>dissolvi</span> <span class='ocrx_word' id='word_1_169' title='bbox 1273 4959 1420 5059; x_wconf 89' lang='lat' dir='ltr'>posse</span> <span class='ocrx_word' id='word_1_170' title='bbox 1445 4921 1690 5044; x_wconf 90' lang='lat' dir='ltr'>videmus,</span> 
     </span>
    </p>
   </div>
   <div class='ocr_carea' id='block_1_3' title="bbox 485 5092 1743 5235">
    <p class='ocr_par' dir='ltr' id='par_1_5' title="bbox 485 5092 1743 5235">
     <span class='ocr_line' id='line_1_27' title="bbox 485 5092 1743 5235; baseline 0.003 -39"><span class='ocrx_word' id='word_1_171' title='bbox 485 5096 657 5218; x_wconf 81' lang='lat' dir='ltr'>Quam</span> <span class='ocrx_word' id='word_1_172' title='bbox 682 5133 855 5196; x_wconf 87' lang='lat' dir='ltr'>rursus</span> <span class='ocrx_word' id='word_1_173' title='bbox 879 5094 1034 5196; x_wconf 89' lang='lat' dir='ltr'>refici.</span> <span class='ocrx_word' id='word_1_174' title='bbox 1111 5092 1443 5235; x_wconf 81' lang='lat' dir='ltr'>Quapropter</span> <span class='ocrx_word' id='word_1_175' title='bbox 1460 5096 1620 5234; x_wconf 68' lang='lat' dir='ltr'>,longa</span> <span class='ocrx_word' id='word_1_176' title='bbox 1644 5099 1743 5200; x_wconf 90' lang='lat' dir='ltr'>diei</span> 
     </span>
    </p>
   </div>
   <div class='ocr_carea' id='block_1_4' title="bbox 0 0 2306 6112">
    <p class='ocr_par' dir='ltr' id='par_1_6' title="bbox 0 0 2306 6112">
     <span class='ocr_line' id='line_1_28' title="bbox 0 0 2306 6112; baseline 0 0"><span class='ocrx_word' id='word_1_177' title='bbox 0 0 2306 6112; x_wconf 95' lang='lat' dir='ltr'> </span> 
     </span>
    </p>
   </div>
  </div>
 </body>
</html>
