4598 6112
409 489 507 587 ltu
735 499 793 587 Τ.
862 494 1291 587 LUCRETII
1358 493 1565 585 CARI

405 728 606 858 Primus
632 755 767 854 enim
794 733 884 872 est4
911 755 1036 855 eitra
1060 754 1248 892 posteis
1274 755 1364 892 qui
1390 753 1614 855 cernitur
1639 755 1754 875 alir3

403 928 533 1031 Iade
559 926 690 1029 fores
717 932 840 1065 ipsae
867 928 1046 1028 dextra
1070 928 1299 1066 laevaque
1325 951 1640 1067 sequuntur3

404 1101 527 1206 Post
552 1106 772 1205 extraria
798 1100 889 1202 lux
913 1104 1085 1204 oculos
1109 1126 1385 1242 perterget,
1413 1126 1465 1204 et
1490 1107 1577 1204 aer

402 1280 568 1399 Alter,
595 1302 646 1379 et
671 1279 758 1378 illa
781 1276 901 1377 foris
929 1315 1047 1415 quae
1072 1314 1187 1378 vere
1213 1278 1629 1415 transpioiuntur.

404 1453 488 1555 Sic
514 1454 606 1555 ubi
632 1492 683 1554 se
708 1454 932 1591 primum
959 1450 1149 1587 speculi
1175 1452 1389 1588 projecit
1412 1455 1597 1592 imago,
1627 1460 1631 1466 ’

403 1627 547 1730 Dum
571 1614 711 1729 venit
735 1627 796 1727 ad
826 1643 1027 1725 nostras
1046 1625 1191 1744 acies,
1218 1627 1477 1763 protrudit
1501 1629 1716 1768 agitque,

401 1803 538 1904 Aiira
565 1803 657 1941 qui
684 1801 817 1901 inter
842 1839 893 1900 se
920 1835 1123 1936 cunque
1150 1820 1227 1898 est
1251 1800 1528 1938 oculosque
1551 1801 1774 1927 locatus3

402 1973 470 2077 Et
496 1975 617 2077 facit
645 1998 703 2075 ut
728 1976 871 2113 prius
896 1971 1036 2074 hunc'
1059 1980 1260 2072 omnem'
1286 1975 1471 2074 sentire
1497 1990 1744 2115 queamus

402 2150 570 2275 Quam
600 2152 892 2289 speculum:
922 2149 1009 2249 sed
1038 2148 1123 2249 ubi
1145 2149 1407 2288 speculum
1428 2185 1636 2290 quoque
1656 2156 1903 2260 sensimus

540 2328 725 2464 ipsum,

402 2501 660 2607 Continuo
686 2543 716 2604 a
740 2501 886 2603 nobis
913 2504 963 2603 in
990 2504 1044 2604 id
1072 2502 1197 2620 haeo,
1225 2537 1345 2637 quaa
1371 2498 1550 2623 fertur,
1577 2505 1746 2647 imago

399 2677 654 2799 Pervenit,
683 2699 735 2779 et
760 2699 954 2778 nostros
978 2677 1149 2778 oculos
1175 2674 1362 2810 rejecta
1385 2677 1556 2776 revisit
1571 2718 1585 2800 ;
1736 2775 1739 2779 ,
1782 2726 1786 2733 ·

397 2852 573 2991 Atque
599 2820 889 2989 alium-prae
915 2849 1282 2990 sepropellens
1308 2851 1425 2948 aera
1447 2849 1619 2989 volvit,

402 3022 472 3127 Et
498 3026 619 3128 facit
645 3048 702 3126 ut
726 3026 868 3163 prius
892 3022 1031 3125 huno
1057 3000 1211 3162 quam
1239 3061 1289 3122 se
1314 3022 1603 3128 videamus:
1643 3064 1810 3168 eoque

401 3198 605 3301 Distare
632 3239 662 3300 a
688 3199 892 3336 speculo
917 3221 1117 3299 tantum
1143 3220 1334 3297 remota
1358 3198 1574 3303 videtur.

402 3373 576 3494 Quare
603 3374 754 3473 etiam
782 3395 936 3511 atque
963 3373 1114 3472 etiam
1142 3371 1348 3471 minime
1368 3370 1595 3472 mirarier
1619 3397 1696 3474 est
1718 3413 1815 3512 par
1898 3462 1906 3477 .

332 3630 338 3639 .
399 3546 524 3669 lllis,
553 3586 671 3686 quae
697 3546 920 3647 reddunt
944 3546 1266 3684 speculorum
1294 3584 1359 3677 ex
1385 3584 1591 3685 aequore
1616 3549 1800 3670 visum,
1845 3624 1853 3636 ·

399 3708 620 3824 Aeribus
645 3720 794 3841 binis,
823 3721 1062 3860 quoniam
1088 3757 1168 3819 res
1193 3719 1350 3818 confit
1375 3743 1611 3860 utroque.

470 3895 627 3997 Nune
653 3933 728 4013 ea,
755 3932 873 4033 quae
900 3891 1044 3993 nobis
1069 3892 1413 3993 membrorum
1440 3894 1652 3999 dextera
1668 3937 1787 4039 pars
1806 3925 1898 4024 est,

402 4070 466 4173 In
492 4071 707 4208 speculis
733 4069 792 4169 fit
817 4090 877 4169 ut
902 4071 955 4168 in
981 4068 1107 4166 laeva
1131 4066 1379 4186 videatur,
1406 4071 1630 4218 eoquod

402 4245 672 4348 Planitiem
698 4244 759 4344 ad
789 4243 981 4383 speculi
1008 4243 1212 4342 veniens
1237 4279 1353 4341 cum
1377 4239 1592 4342 offendit
1608 4245 1794 4386 imago,

403 4419 528 4524 Non
554 4421 864 4520 convertitur
887 4418 1182 4538 incolumis3
1222 4416 1310 4515 sed
1330 4437 1466 4515 recta
1490 4416 1763 4521 retrorsum

405 4595 487 4698 Sic
512 4592 735 4711 eliditur,
762 4618 820 4693 ut
845 4594 1004 4732 siquis
1030 4593 1171 4729 prius
1197 4589 1339 4690 arida
1363 4628 1516 4728 quam
1541 4595 1607 4693 sit

406 4769 588 4871 Cretea
601 4754 845 4904 persona,
872 4765 1066 4866 adlidat
1090 4765 1284 4904 pilaeve-
1301 4763 1490 4866 trabive
1506 4805 1528 4888 ς.

402 4942 576 5079 Atque
602 4976 661 5039 ea
686 4940 926 5042 continuo
951 4964 1139 5043 rectam
1167 4945 1206 5044 si
1232 4942 1398 5043 fronte
1423 4942 1641 5080 figuram

406 5114 597 5225 Servat,
621 5136 673 5212 et
697 5115 870 5217 elisam
895 5138 1031 5217 retro
1057 5154 1166 5219 sese
1191 5119 1443 5255 exprimat
1458 5119 1604 5257 ipsa;
