4598 6112
245 441 306 580 .’
398 491 508 622 esa
575 572 577 577 a
738 504 798 594 r.
864 498 1296 596 nuensrri
1342 475 1572 597 'serm

402 760 515 863 Hoc
540 762 615 883 fit,
642 759 734 863 ubi
751 759 1016 862 interdum
1041 798 1147 861 non
1172 758 1288 898 quit
1311 757 1386 862 vis
1412 754 1567 857 incita
1590 755 1730 856 venti
1782 842 1785 848 .
1877 784 1883 810 ’-

400 935 676 1073 Rumpere,
702 964 860 1075 quam
885 936 1055 1073 coepit,
1081 932 1302 1054 nubem3
1340 928 1428 1031 sed
1455 929 1712 1068 deprimit,
1740 954 1800 1030 ut
1824 934 1889 1031 sit

401 1106 462 1209 In
488 1145 625 1207 mare
651 1105 714 1206 de
741 1106 868 1207 coelo
890 1129 1135 1247 tanquam
1161 1107 1376 1209 demissa
1394 1105 1636 1215 ‚columna
1703 1190 1704 1193 κ

305 1392 308 1398 ,
399 1281 690 1399 Paullatim,
717 1279 863 1418 quasi
889 1281 1016 1420 quid
1042 1319 1237 1419 pugno,
1263 1278 1562 1419 brachiique
1588 1268 1808 1420 superne

327 1425 332 1435 ’
403 1455 648 1596 Conjeetu
667 1447 927 1576 trudatur,
954 1476 1006 1554 et
1029 1455 1336 1556 extendatur
1360 1455 1412 1555 in
1439 1454 1632 1556 undas:

402 1628 571 1752 Quam
599 1665 755 1768 quom
775 1626 993 1749 discidit,
1013 1627 1133 1731 hinc
1150 1628 1504 1766 prorumpitur=
1525 1629 1577 1731 in
1603 1666 1741 1732 mare
1755 1631 1893 1731 venti

399 1803 507 1926 Vis,
535 1827 587 1904 et
610 1803 856 1904 fervorem
882 1803 1066 1904 mirum
1092 1804 1362 1905 concinnat
1383 1805 1438 1904 in
1465 1806 1646 1931 undis,

399 1974 768 2078 Versabundus
790 1977 935 2079 enim.
950 1976 1103 2078 turbo
1130 1976 1408 2097 descendit,
1433 2001 1488 2080 et
1512 1980 1650 2081 illam

311 2123 313 2127 Ι
388 2150 628 2253 'Deducit
651 2151 841 2288 pariter
865 2151 1003 2252 lento
1028 2189 1144 2252 cum
1169 2189 1379 2289 corpore
1405 2151 1611 2256 nubem.
1772 2199 1779 2206 ·
1889 2188 1894 2203 ’

400 2323 572 2446 Quam
598 2325 828 2426 simulac
853 2326 1114 2468 gravidam
1140 2324 1357 2438 detrusit
1382 2327 1446 2426 ad
1472 2367 1681 2467 aeqnora
1705 2331 1868 2468 ponti,

402 2500 498 2603 Ille
522 2502 575 2602 in
601 2539 785 2640 aquam
811 2499 982 2603 subito
1002 2522 1166 2601 totum
1193 2540 1244 2602 se
1270 2473 1514 2622 immittit,
1534 2524 1587 2602 et
1603 2541 1753 2604 omne

403 2677 608 2779 Excitat
632 2679 827 2815 ingenti
854 2676 1021 2778 sonitu
1048 2712 1183 2775 mare
1208 2674 1400 2776 fervere
1426 2712 1630 2813 cogens.

363 2865 364 2868 ‘
472 2851 555 2952 Fit
571 2888 805 2989 quoque,
831 2873 890 2951 ut
913 2851 1134 2953 involvat
1153 2852 1287 2952 venti
1298 2890 1366 2994 {se
1392 2849 1618 2953 nubibus
1644 2853 1752 2990 ipse

404 3026 616 3148 Vortex,
648 3027 926 3129 conradens
950 3064 1014 3125 ex
1040 3028 1155 3132 aere
1181 3027 1371 3127 semina
1396 3025 1564 3146 nubis,
1651 3115 1652 3122 u

404 3202 475 3303 Et
500 3201 643 3341 quasi
673 3200 943 3300 demissum
969 3198 1093 3300 coelo
1120 3197 1354 3299 Prestera
1380 3202 1622 3304 imitetur.

404 3375 505 3478 Hie
530 3373 621 3475 ubi
646 3412 698 3488 se
716 3376 774 3477 in
800 3396 960 3474 terras
985 3373 1202 3494 demisit,
1228 3372 1575 3512 dissolvitque,

401 3547 646 3674 Turbinis
671 3550 940 3651 immanem
965 3550 1066 3653 vim
1093 3546 1360 3684 provomit,
1388 3569 1545 3687 atque
1570 3549 1836 3685 procellae:

406 3720 507 3822 Sed
535 3724 658 3861 quia
684 3721 743 3822 fit
766 3759 880 3822 raro
904 3722 1127 3840 omnino,
1154 3722 1472 3858 monteisque
1499 3760 1699 3825 necesse
1726 3748 1803 3832 est

407 3894 625 3998 Officere
650 3897 703 3997 in
728 3896 904 4019 terris3
943 3916 1156 4032 apparet
1179 3892 1403 4012 erebrius
1427 3895 1562 3998 idem
1729 3920 1736 3933 '

406 4070 682 4210 Prospectu
710 4072 857 4174 maris
883 4071 944 4186 in
962 4108 1164 4208 magno,
1192 4069 1419 4207 coeloque
1443 4069 1657 4207 patenti.
1805 4206 1807 4209 Ι

476 4243 673 4347 Nubila
696 4266 1043 4364 concrescunt,
1071 4240 1160 4349 ubi
1175 4270 1397 4382 corpora
1420 4243 1582 4362 multa
1608 4245 1824 4347 volando

408 4418 700 4556 Hoosuper
723 4420 776 4520 in
801 4419 913 4520 coeli
938 4419 1104 4556 spatio
1128 4418 1288 4529 ooidre
1313 4439 1521 4554 repente
1566 4558 1569 4565 .

404 4592 694 4730 Asperiora,
721 4589 882 4691 modis
909 4628 1026 4731 quae
1046 4592 1240 4728 possint,
1267 4592 1568 4731 indupedita
1587 4585 1607 4597 ²
1755 4567 1758 4573 ¹

405 4769 834 4909 Exiguis‚1tamen
861 4769 994 4875 inter
1011 4804 1069 4874 se
1094 4747 1393 4905 comprensa
1413 4771 1590 4873 teneri·

406 4941 751 5046 Haec'faciunt
775 4944 996 5082 primum
1021 4980 1200 5080 parvas
1226 4943 1493 5060 consistere
1520 4944 1730 5071 nubeis3

183 5148 186 5155 “
266 5222 268 5227 ,
405 5115 533 5221 Inde
559 5155 619 5218 ea
642 5119 1016 5258 comprendunt
1038 5119 1171 5234 inter
1196 5157 1264 5240 ὅθ,
1291 5157 1490 5257 conque
1516 5122 1809 5261 gregantuf²
1857 5186 1871 5257 ἓ
