4598 6112
580 560 658 662 69
906 566 967 657 Τ.
1036 564 1470 659 LUCRE‘TII
1535 551 1753 656 CARI

593 826 803 930 Litteris
826 824 1024 924 incurvi
1050 821 1278 925 bibulam
1303 821 1444 960 pavit
1468 860 1647 962 aequor
1671 857 1892 923 arenam.

582 979 769 1125 'Quare
795 1002 946 1101 etiam
973 1022 1128 1135 atque
1154 998 1305 1097 etiam
1330 996 1480 1096 simili
1506 998 1700 1099 ratione
1727 1033 1925 1096 necesse
1950 1017 2043 1115 est,

592 1175 798 1280 Natura
821 1175 1061 1312 quoniam
1080 1195 1326 1292 constant,
1353 1176 1523 1310 neque
1547 1170 1678 1271 facta
1704 1207 1858 1271 manu
1883 1192 2003 1272 sunt
2042 1251 2046 1259 .

592 1350 761 1454 Unius
787 1348 1057 1448 aduertam
1085 1344 1295 1447 formam
1323 1345 1601 1484 primordia
1625 1318 1811 1463 rerum,

595 1523 840 1626 Dissimili
869 1525 1001 1623 inter
1026 1560 1078 1622 se
1104 1522 1342 1660 quaedam
1368 1511 1578 1622 volitans¹
1603 1520 1783 1659 figura.

664 1698 910 1799 Perfacile
935 1721 1012 1797 est
1029 1697 1138 1834 jam
1164 1698 1318 1797 animi
1345 1698 1541 1798 ratione
1567 1696 1823 1795 exsolvere
1848 1693 2011 1815 aubia,

444 1935 448 1954 =
595 1874 771 1997 Quare
796 1873 1074 1974 fulmineus
1100 1871 1260 1970 multo
1284 1869 1594 2006 penetralior
1616 1869 1766 2005 ignis,

594 2049 767 2171 Quam
794 2071 966 2149 noster
989 2049 1117 2147 fluat
1142 2085 1170 2145 e
1193 2046 1325 2147 tedis
1351 2039 1671 2144 terrestribus
1696 2064 1853 2145 ortus.

595 2222 781 2325 Dicere
807 2224 941 2323 enim
968 2221 1130 2359 possis
1155 2219 1407 2320 coelestem
1431 2218 1658 2321 fulminis
1684 2221 1856 2358 ignem

595 2395 846 2498 Subtilem
873 2397 1034 2534 magis
1058 2434 1088 2495 e
1114 2395 1280 2531 parvis
1299 2415 1526 2495 constare
1551 2394 1759 2532 figuris3

592 2571 766 2710 Atque
791 2570 907 2671 ideo
931 2571 1146 2670 transire
1170 2567 1432 2690 foramina,
1459 2607 1577 2708 quae
1602 2570 1785 2708 nequit
1809 2571 1943 2709 ignis
2035 2603 2038 2607 ’

596 2743 788 2846 Noster
810 2743 893 2847 hic
918 2782 947 2867 e
971 2744 1125 2881 lignis
1149 2766 1306 2864 ortus,
1332 2743 1555 2883 tedaque
1582 2769 1794 2848 creatus.

534 2965 538 2973 ·
665 2918 929 3022 Praeterea.
946 2918 1118 3024 lumen
1145 2955 1239 3057 per
1262 2955 1473 3019 cornum
1496 2922 1706 3047 transit3
1743 2943 1798 3022 at
1821 2919 1984 3031 imber

593 3092 903 3232 Respuitur:
943 3095 1134 3234 quare?
1172 3094 1268 3195 nisi
1295 3093 1499 3194 luminis
1524 3094 1612 3196 illa
1635 3097 1830 3198 minora
1902 3114 1911 3133 ‘

447 3290 454 3297 ’
597 3265 825 3405 Corpora
837 3290 972 3386 sunt,
990 3304 1145 3405 quam
1161 3267 1226 3366 de
1241 3265 1430 3405 quibus
1443 3291 1522 3368 est
1535 3269 1705 3406 liquor
1717 3272 2159 3411 almusaquarum.

666 3441 735 3546 Et
761 3442 992 3583 quamvis
1017 3439 1185 3543 subito
1208 3478 1303 3579 per
1327 3443 1491 3543 colum
1519 3444 1636 3544 vina
1659 3445 1891 3549 videmus

594 3614 870 3745 Perfluere,
895 3641 949 3717 at
973 3641 1148 3718 contra
1164 3617 1369 3718 tardum
1395 3641 1666 3721 cunctatur
1690 3622 1905 3749 olivom3

591 3789 701 3891 Aut
727 3792 852 3930 quia
875 3791 1118 3890 nimirum
1143 3791 1419 3929 majoribus
1446 3815 1523 3892 est
1540 3794 1817 3916 elementis

597 3965 704 4065 Aut
729 3958 891 4102 magis
915 3964 1129 4065 humatis
1153 3967 1287 4066 inter
1311 4005 1379 4086 se,
1407 3996 1604 4106 perque
1629 3971 1842 4108 plicatis.

599 4137 775 4278 Atque
804 4139 919 4240 ideo
944 4141 1002 4241 fit
1027 4141 1103 4243 uti
1130 4177 1228 4239 non
1250 4162 1352 4240 tam
1379 4140 1589 4243 diducta
1612 4171 1822 4285 repente

599 4310 740 4415 luter
765 4355 815 4415 se
839 4319 1031 4454 possint
1058 4319 1336 4454 primordia
1360 4320 1562 4458 singula
1586 4361 1810 4462 quaeque
1902 4312 1909 4325 ¹

602 4487 816 4626 Singula
836 4528 931 4626 per
954 4491 1203 4628 cujusque
1222 4493 1469 4592 foramina
1495 4532 1805 4631 permanare.

671 4658 788 4761 Huc
815 4662 1024 4781 accedit,
1052 4665 1128 4763 uti
1153 4664 1315 4765 mellis
1340 4666 1586 4809 laetisque
1612 4673 1837 4814 liquores

599 4836 631 4939 J
640 4835 840 4936 ucundo
866 4873 1014 4938 sensu
1041 4838 1231 4980 linguae
1255 4867 1536 4951 tractentur
1554 4851 1606 4949 in
1632 4891 1748 4980 ore3

598 5014 669 5112 At
693 5035 868 5113 contra
890 5036 1022 5115 tetra
1047 5015 1268 5119 absinthi
1292 5045 1490 5145 nutura,
1517 5025 1715 5166 ferique

601 5183 843 5287 Centauri
865 5186 1001 5290 foedo
1026 5213 1365 5331 pertorquent
1386 5233 1477 5298 ora
1492 5236 1700 5339 sapone:
