4598 6112
799 527 1081 637 ’1111311
1143 477 1493 637 saurus,
1795 533 1900 645 aar

399 796 522 908 Non
549 807 589 907 si
617 801 853 944 Neptuni
879 806 1041 907 fluctu
1067 840 1309 904 renovare
1336 837 1545 939 operam
1572 797 1691 924 des3

398 976 539 1101 Non,
567 1018 704 1080 mare
730 982 771 1082 si
796 1004 962 1082 totum
979 979 1102 1082 velit
1126 978 1296 1077 eluere
1322 975 1557 1079 omnibus
1583 975 1750 1078 undis

398 1151 641 1294 Denique
668 1195 746 1258 res
771 1195 894 1258 auro
920 1177 1187 1295 argentum
1216 1153 1520 1291 concopulat
1546 1193 1664 1274 una,

397 1329 616 1471 AErique
641 1371 709 1433 aes
734 1333 947 1472 plumbo
965 1334 1025 1434 fit
1050 1331 1126 1433 uti
1144 1328 1396 1466 jungatur
1421 1325 1486 1428 ab
1512 1325 1643 1428 albo.

400 1504 598 1607 Caetera
616 1507 725 1644 jam
751 1545 906 1649 quam
932 1510 1093 1613 multa
1111 1506 1229 1605 licet
1253 1503 1509 1640 reperire?
1549 1501 1676 1642 quid
1705 1506 1860 1641 ergol

399 1678 513 1791 Nec
538 1681 633 1782 tibi
658 1705 762 1785 tarn
787 1684 954 1822 longis
983 1720 1114 1821 opus
1139 1701 1215 1780 est
1238 1676 1539 1816 ambagibus
1565 1718 1817 1819 usquam.

401 1852 455 1957 N
459 1894 516 1957 ee
542 1895 622 1956 me
651 1879 750 1960 tam
777 1860 991 1960 multam
1010 1856 1091 1959 hle
1117 1891 1323 1993 operam
1349 1833 1645 1987 consumere
1669 1892 1765 1994 par
1791 1877 1896 1959 est:
1935 1949 1940 1960 .

399 2032 498 2133 Sed
528 2033 749 2137 breviter
772 2037 948 2173 paucis
972 2055 1182 2174 praestat
1200 2029 1563 2168 comprendere
1580 2033 1754 2134 multa.

472 2208 707 2329 Quorum
733 2211 802 2312 ita
828 2234 1048 2314 texturae
1074 2197 1370 2312 oeciderunt
1395 2231 1574 2309 mutua
1598 2231 1790 2353 contra,v

398 2382 475 2489 Ut
501 2424 620 2486 cava
645 2389 949 2487 conveniant
973 2387 1137 2525 plenis
1163 2382 1275 2485 baec
1301 2385 1454 2505 illius,
1481 2385 1569 2486 illa

400 2559 704 2700 Hujusque:
744 2564 878 2663 inter
902 2601 953 2663 se
971 2563 1216 2700 junctura
1241 2558 1424 2662 borum
1442 2554 1637 2699 optima
1661 2582 1874 2664 constat.

402 2736 495 2839 Est
521 2741 691 2860 etiam,
720 2741 866 2878 quasi
893 2763 952 2840 ut
976 2738 1208 2858 annellis,
1234 2720 1502 2876 hamisque
1527 2740 1735 2877 plicata·
1796 2789 1800 2799 ·
1968 2866 1972 2874 ‚

403 2911 546 3016 Inter
571 2954 622 3014 se
650 2914 890 3053 quaedam
910 2914 1108 3052 possint
1133 2913 1334 3050 eoplbta
1359 2914 1552 3016 teneri:

405 3085 561 3210 Quod
589 3090 749 3228 magis
774 3091 827 3189 in
852 3086 1024 3225 lapide
1050 3085 1146 3188 hoc
1172 3089 1282 3189 fieri
1309 3088 1548 3230 ferroque
1572 3092 1791 3198 videtur.

475 3263 530 3367 N
536 3305 650 3386 une,
677 3266 806 3366 ratio
832 3304 950 3405 quae
977 3264 1041 3365 sit
1065 3262 1274 3386 morbis,
1303 3289 1393 3366 aut
1417 3266 1556 3367 unde
1582 3293 1793 3407 repente

403 3436 723 3542 Mortiferam
751 3441 913 3578 possit
937 3438 1134 3540 cladem
1159 3441 1379 3540 conflare
1406 3466 1578 3542 coorta

405 3613 649 3718 Morbida
671 3616 746 3716 vis
771 3613 1049 3716 bominum*
1062 3619 1256 3754 generi,
1283 3617 1646 3758 pecudumque
1671 3621 1901 3743 catervis,

405 3789 711 3931 Expediam.
786 3787 1013 3896 Primum
1040 3790 1317 3892 multarum
1343 3793 1535 3894 semina
1558 3831 1731 3896 rerum

406 3967 531 4072 Esse
558 4007 712 4108 supra
737 3968 905 4086 docui,
934 4005 1051 4105 quae
1078 3967 1180 4066 sint
1204 3967 1374 4068 vitalia
1400 3966 1574 4069 nobis:

406 4144 478 4248 Et
495 4167 692 4266 contra,
721 4181 838 4282 qnae
864 4144 965 4244 sint
990 4140 1183 4264 morbo,
1212 4145 1483 4282 mortique,
1511 4181 1713 4244 necesse
1740 4167 1818 4245 est

407 4320 580 4425 Multa
603 4321 802 4444 volare3
842 4359 901 4419 ea
925 4357 1082 4458 quom
1109 4357 1226 4418 casu
1254 4342 1373 4420 sunt
1398 4317 1529 4420 forte
1555 4342 1742 4441 coorta,
1876 4356 1880 4363 ·

405 4496 477 4601 Et
501 4494 869 4634 perturbarunt
895 4495 1094 4628 erolum,
1121 4494 1182 4595 fit
1206 4492 1470 4594 morbidus
1497 4497 1600 4598 ae‘r.
1732 4484 1742 4505 ’

404 4673 580 4811 Atque
607 4710 667 4770 ea
690 4673 763 4772 vis
789 4672 950 4771 omnis
976 4670 1288 4791 morborum,
1315 4671 1686 4809 pestilitasque,

406 4851 516 4952 Aut
541 4848 871 4970 extrinsecus,
899 4871 958 4949 ut
983 4847 1146 4948 nubes
1172 4845 1479 4984 nebulaeque
1506 4884 1725 4984 superne

407 5024 509 5128 Per
534 5027 718 5128 coelum
744 5026 973 5147 veniunt,
1000 5049 1088 5163 3111
1111 5032 1222 5170 ipsa
1247 5068 1382 5168 saepe
1408 5053 1582 5132 coorta

410 5199 494 5308 De
519 5225 656 5307 terra
681 5225 913 5342 surgunt,
941 5202 1030 5304 ubi
1057 5229 1320 5347 putrorem
1348 5203 1562 5309 humida
1585 5229 1735 5311 nacta
1760 5229 1852 5330 est,
1944 5300 1951 5307 .
