4598 6112
384 538 487 632 988
546 621 550 625 .
728 539 788 631 Τ.
844 536 1274 631 LUCRETII
1323 533 1537 630 CARI

340 886 342 888 .
386 799 762 939 Intempestivis
789 800 1097 939 pluviisque,
1125 821 1178 900 et
1201 799 1391 900 solibus
1415 800 1530 903 icta.
1571 835 1575 842 ·

385 974 576 1076 Nonne
599 976 740 1076 vides
766 977 920 1076 etiam
946 973 1057 1074 coeli
1081 975 1322 1097 novitate,
1344 998 1397 1078 et
1422 1013 1672 1114 aquarum

380 1148 608 1273 Tentari,
634 1151 810 1289 procul
840 1188 870 1250 a
892 1149 1058 1288 patria
1083 1151 1382 1288 quicunque
1408 1151 1663 1290 domoque
1721 1122 1724 1127 ⁸

382 1324 713 1427 Adveniuntl
733 1294 867 1425 ¹ideo
893 1324 1017 1462 quia
1041 1323 1195 1463 longe
1221 1325 1475 1464 discrepat
1499 1329 1602 1427 aer.

385 1496 525 1600 Nam
552 1499 678 1639 quid
707 1497 1008 1600 Brittanidis
1034 1502 1214 1601 coelum
1242 1499 1446 1603 differre
1471 1523 1728 1639 putamus,

383 1671 455 1775 Et
481 1673 618 1813 quod
647 1675 700 1772 in
725 1672 960 1812 AEgypto
986 1698 1077 1797 est,
1105 1634 1217 1812 qua·
1234 1675 1414 1776 mundi
1439 1677 1692 1778 claudicat
1715 1679 1860 1778 axisl

384 1847 590 1970 Quidve
620 1847 760 1986 quod
789 1850 841 1949 in
871 1848 1036 1952 Ponto
1062 1874 1137 1952 est
1163 1849 1367 1952 differre
1393 1891 1423 1953 a
1450 1850 1700 1975 Gadibus,
1727 1876 1886 1996 atque

383 2025 564 2165 Usque
592 2026 655 2127 ad
682 2028 830 2164 nigra
853 2027 1033 2146 virum,
1060 2046 1404 2167 percoctaque'
1426 2029 1574 2130 saecla
1598 2031 1794 2131 calore?

383 2200 519 2323 Quae
546 2243 701 2343 quom
730 2227 951 2342 quatuor
974 2201 1110 2302 inter
1134 2241 1186 2303 se
1212 2203 1409 2306 diversa
1427 2203 1671 2324 videmus,

382 2378 623 2501 Quatuor
648 2418 677 2480 a
701 2380 880 2499 ventis,
909 2400 960 2479 et
986 2379 1095 2478 coeli
1125 2377 1355 2517 partibus
1382 2416 1506 2499 esse,
1637 2416 1640 2421 ·
1676 2382 1678 2388 ’

376 2552 516 2656 Tum
541 2556 679 2656 color
705 2577 758 2655 et
781 2553 934 2654 facies
960 2550 1225 2654 hominurn
1252 2553 1439 2654 distare
1464 2553 1704 2656 videntur

209 2732 239 2757 ⁴
382 2728 636 2869 Largiter,
664 2753 716 2830 et
742 2729 903 2832 morbi
933 2733 1213 2871 generatim
1240 2731 1388 2831 saecla
1408 2731 1601 2834 tenere.

452 2905 547 3009 Est
571 2905 779 3047 elephas
807 2907 1031 3028 morbus,
1061 2906 1153 3046 qui
1177 2925 1391 3043 propter
1415 2904 1629 3004 flumina
1655 2902 1769 3006 Nili

383 3080 632 3218 Gignitur
655 3081 890 3220 AEgypto
915 3084 966 3182 in
989 3080 1172 3201 media,
1192 3116 1361 3218 neque
1379 3076 1628 3217 praeterea
1647 3067 1879 3219 usquam.

450 3256 666 3359 Atthide
692 3277 957 3357 tentantur
981 3292 1196 3393 gressus,
1223 3253 1462 3391 oculique
1487 3257 1540 3355 in
1566 3257 1769 3360 Achaeis
1853 3344 1856 3349 ,

383 3430 612 3554 Finibus,
640 3429 761 3533 inde
787 3430 897 3530 aliis
922 3427 1051 3529 alius
1074 3427 1214 3527 locus
1240 3447 1315 3527 est
1341 3427 1576 3530 inimicus

285 3706 288 3711 ,
382 3605 638 3727 Partibus,
667 3644 724 3707 ac
750 3603 1019 3705 membris:
1058 3604 1226 3704 varius
1253 3604 1523 3706 concinnat
1546 3607 1598 3708 id
1625 3612 1726 3710 aer.

451 3780 675 3884 Proinde
704 3780 792 3881 ubi
818 3816 869 3882 se
890 3781 1090 3902 eoelum,
1112 3780 1251 3918 quod
1279 3779 1425 3882 nobis
1449 3779 1585 3882 forte
1609 3821 1879 3907 venenum,

383 3960 699 4079 Commouet,
727 3979 882 4095 atque
908 3959 995 4056 aer
1021 3955 1252 4056 inimicus
1278 3993 1480 4094 serpere
1502 3959 1686 4095 coepit:
1765 3933 1769 3943 .

379 4136 457 4242 Ut
483 4134 672 4236 nebula
697 4171 754 4235 ac
780 4130 943 4231 nubes
969 4130 1237 4267 paullatim
1263 4133 1412 4269 repit,
1441 4155 1494 4233 et
1517 4172 1668 4235 omne
1811 4141 1817 4150 ’

382 4310 504 4433 Qua
528 4308 765 4447 graditur
790 4304 1077 4426 conturbat,
1104 4328 1156 4406 et
1180 4309 1447 4410 immutare
1474 4331 1682 4410 coactat.

325 4458 329 4465 Ι
382 4486 467 4590 Fit
517 4520 745 4625 quoque,
796 4503 856 4581 ut
897 4480 949 4579 iu
995 4483 1225 4582 nostrum
1271 4520 1429 4623 quom
1482 4485 1622 4585 venit
1658 4484 1882 4643 denique

524 4659 723 4779 coelum,

384 4835 709 4975 Corrumpat,
737 4832 1024 4974 reddatque
1050 4835 1126 4936 sui
1155 4832 1333 4956 simile,
1361 4856 1518 4974 atque
1546 4835 1783 4941 alienum.

455 5010 584 5113 Haec
611 5011 770 5150 igitur
795 5008 964 5112 subito
989 5011 1157 5112 clades
1182 5050 1327 5132 nova,
1355 5012 1721 5150 pestilitasque,

321 5304 328 5319 ‚
381 5188 490 5293 Aut
515 5188 567 5290 in
595 5225 754 5330 aquas
774 5188 926 5312 cadit,
949 5212 1038 5293 aut
1054 5188 1228 5331 fruges
1247 5187 1462 5331 persidit
1480 5188 1533 5290 in
1553 5188 1705 5329 ipsas,
