4598 6112
394 491 509 595 4290
746 493 806 582 T.
875 487 1309 587 LUCRETH
1364 490 1585 584 CARI

408 750 598 875 Omnia
624 772 731 852 tum
756 788 875 852 vero
900 751 1020 852 vitai
1047 749 1266 851 claustra
1290 750 1562 883 lababant:

406 925 629 1064 Spiritus
654 964 740 1026 ore
767 924 900 1025 foras
925 946 1115 1026 tetrum
1141 923 1375 1027 volvebat
1399 927 1623 1048 odorem,

404 1099 635 1202 Rancida
660 1139 764 1240 quo
791 1101 1023 1239 perolent
1046 1099 1272 1239 projecta
1297 1101 1540 1204 cadavera
1565 1105 1684 1206 ritu.

402 1275 577 1417 Atque
604 1278 758 1379 animi
784 1313 1018 1413 prorsum
1043 1277 1173 1376 vires
1198 1279 1371 1399 totius,
1399 1300 1450 1379 et
1475 1317 1622 1380 omne

241 1480 244 1485 ’
375 1506 377 1517 r
405 1450 711 1593 Languebat
735 1490 935 1592 eorpus,
961 1451 1088 1554 lethi
1108 1453 1216 1591 jam
1242 1451 1416 1579 limine
1443 1456 1494 1555 in
1522 1455 1649 1593 ipso.

406 1627 925 1768 Intolerabilibusque
951 1629 1095 1730 malis
1121 1649 1230 1729 erat
1255 1630 1436 1765 anxius
1462 1670 1627 1770 angor

404 1805 644 1933 Adsidue,
661 1845 843 1927 comes,
869 1829 922 1907 et
944 1808 1138 1946 gemitu
1168 1808 1430 1907 commista
1455 1809 1692 1946 querela3
1830 1846 1833 1851 ·

404 1977 775 2119 Singultusque
801 1979 1043 2119 frequens
1069 2003 1265 2082 noctem
1293 2019 1539 2121 persaepe,
1567 1983 1835 2122 diemque,

408 2153 686 2293 Concipere
713 2156 924 2259 adsidue
950 2197 1128 2260 nervos
1154 2159 1456 2271 etmembra
1482 2185 1728 2284 coactans,
1869 2283 1872 2287 Ι

403 2326 728 2433 Dissolvebat
753 2372 853 2453 eos,
884 2333 1104 2434 defessos
1130 2357 1263 2456 ante,
1291 2334 1524 2474 fatigans.
1646 2452 1653 2459 ¹

406 2502 521 2608 Neo
549 2507 704 2606 nimio
731 2509 1012 2648 quoiquam
1039 2545 1209 2645 posses
1235 2511 1413 2629 ardore
1440 2511 1573 2612 tueri
1661 2629 1665 2637 p

406 2678 646 2819 Corporis
669 2684 734 2793 in.
750 2722 946 2785 summo
974 2724 1223 2786 summam
1250 2684 1527 2788 fervescere
1553 2711 1781 2825 partem-3

306 2880 325 2906 ⁸
405 2857 505 2960 Sed
534 2861 702 2997 potius
724 2858 960 2997 tepidum
987 2857 1530 2998 manibusproponere
1556 2885 1770 2980 tactum:
1807 2912 1813 2926 ·

403 3033 473 3137 Et
499 3036 648 3136 simul
674 3034 931 3137 ulceribus
959 3036 1105 3173 quasi
1131 3037 1310 3137 inustis
1335 3036 1692 3160 omne-rubere
1862 3077 1865 3081 ·

405 3208 622 3348 Corpus,
639 3233 696 3310 nt
723 3234 814 3331 est,
831 3249 926 3348 per
951 3209 1179 3331 membra
1204 3245 1343 3314 sacer
1362 3249 1517 3348 quom
1539 3212 1734 3312 diditur
1751 3214 1900 3352 ignis.

403 3384 591 3501 Intima
615 3424 733 3525 pars
759 3383 949 3487 bomini
975 3423 1094 3491 vero
1119 3382 1373 3522 flagrabat
1390 3384 1455 3484 ad
1481 3424 1619 3504 ossa:

402 3580 434 3621 “
457 3562 498 3662 F
501 3561 732 3700 lagrabat
756 3538 1013 3663 stomacho
1038 3561 1259 3682 flamma,
1288 3584 1346 3663 ut
1369 3560 1660 3686 fornacibus
1686 3561 1853 3687 intus3

402 3736 497 3839 Nil
523 3737 649 3837 adeo
675 3759 845 3874 posset
870 3735 1158 3873 quoiquam¹
1177 3736 1301 3858 leve,
1329 3740 1588 3878 tenueque
1614 3736 1853 3868 membris

400 3913 615 4017 Vertere
642 3915 694 4014 in
721 3914 1023 4015 utilitatem:
1064 3910 1127 4026 ad
1155 3938 1362 4016 ventum
1384 3937 1440 4016 et
1464 3914 1653 4053 frigora
1679 3951 1880 4053 semper

403 4066 465 4194 ln
494 4094 676 4205 fluvios
703 4093 891 4229 partim
919 4090 1115 4230 gelidos
1140 4090 1369 4191 ardentia
1395 4088 1572 4193 morbo

401 4268 642 4372 Membra
666 4257 873 4388 dabant,
900 4268 1098 4372 nudum
1121 4268 1368 4407 jacientes
1394 4304 1576 4405 corpus
1601 4267 1655 4366 in
1684 4263 1858 4367 undas.

400 4445 559 4550 Multi
587 4447 878 4584 praecipites
903 4411 1128 4584 lymphis
1153 4441 1454 4582 putealibus,
1470 4444 1570 4544 alte

400 4622 722 4742 Inciderunt,
747 4622 859 4759 ipso
884 4621 1144 4731 venientes
1167 4659 1254 4722 ore
1278 4642 1517 4760 patente:

401 4797 895 4905 Insedabilitersitis
920 4799 1064 4945 arida
1088 4835 1300 4936 corpora
1319 4833 1548 4911 ,mersans

400 4976 666 5116 AEquabat
691 4974 912 5079 multum
939 4975 1107 5113 parvis
1130 4969 1686 5087 humoribusirnbrem.
1728 5075 1729 5078 Ν

471 5152 526 5259 N
532 5193 588 5273 ee
613 5155 817 5297 requies
844 5174 955 5263 erat
971 5152 1086 5263 ulla
1107 5150 1246 5274 mali,
1274 5148 1471 5253 defessa
1486 5146 1755 5288 jacebant.
1839 5258 1849 5271 .
