4598 6112
790 586 1065 680 LIBER
1128 590 1533 689 QUINTUS.
1815 602 1915 702 239

416 844 492 950 Ut
515 885 651 947 nunc
678 884 813 985 saepe
839 845 991 948 boves
1020 844 1172 951 Lucae
1197 852 1331 953 ferro
1357 856 1487 955 male
1507 878 1690 958 'mactae

415 1021 728 1160 Diffugiunt,
755 1021 862 1120 fera
885 1021 1018 1123 facta
1043 1025 1144 1123 suis
1171 1063 1327 1163 quom
1353 1030 1513 1130 multa
1532 1031 1750 1134 dedere:

415 1195 470 1295 Si
492 1196 607 1316 fuit,
635 1219 694 1297 ut
717 1195 955 1296 facerent.
1012 1194 1111 1296 Sed
1139 1199 1224 1297 vix
1250 1198 1490 1321 adducor,
1518 1226 1576 1302 ut
1601 1227 1717 1305 ante

414 1366 467 1468 N
473 1409 539 1470 on
566 1371 790 1509 quierint
815 1370 981 1468 animo
1006 1370 1316 1504 praesentire,
1344 1395 1498 1516 atque
1523 1377 1710 1500 videre,

413 1541 584 1664 Quam
610 1583 877 1646 commune
904 1542 1095 1643 malum
1121 1539 1289 1642 fuerat
1305 1543 1604 1684 foedumque
1624 1549 1886 1678 futurum3

413 1719 482 1821 Et
507 1723 667 1859 magis
692 1723 744 1821 id
771 1721 930 1859 possis
948 1715 1137 1815 factum
1165 1720 1470 1821 contendere
1494 1724 1547 1823 in
1576 1722 1749 1848 Omni,

411 1892 473 1995 In
499 1897 648 1996 variis
673 1894 877 1995 mundis
904 1891 1039 1992 varia
1064 1891 1258 1991 ratione
1284 1897 1477 2016 creatis

410 2067 578 2189 Quam
606 2093 742 2169 certo
768 2091 922 2208 atque
948 2104 1050 2166 uno
1076 2088 1325 2189 terrarum
1354 2069 1586 2206 quolibet
1611 2071 1739 2178 orbi.

409 2240 512 2342 Sed
537 2242 700 2343 facere
726 2243 778 2344 id
800 2281 900 2343 non
925 2263 1029 2341 tam
1055 2239 1289 2340 vincendi
1316 2279 1404 2378 spe
1428 2246 1714 2367 voluerunt,

409 2412 579 2536 Quam
607 2417 726 2518 dare
753 2418 891 2556 quod
917 2435 1178 2553 gemerent
1205 2412 1390 2538 hostes,
1418 2418 1619 2556 ipsique
1644 2423 1827 2558 perire,

409 2586 513 2709 Qui
540 2630 750 2692 numero
777 2590 1091 2709 diffidebant,
1120 2591 1371 2728 armisque
1395 2592 1657 2696 vacabant.

478 2762 679 2865 Nexilis
705 2788 821 2865 ante
846 2764 946 2863 fuit
969 2764 1135 2883 vestio,
1164 2802 1317 2903 quam
1344 2767 1520 2867 textile
1544 2790 1779 2907 tegmen:

404 2935 605 3038 Textile
631 2962 746 3076 post
770 2940 961 3040 ferrum
988 2961 1092 3059 est3
1132 2939 1254 3076 quia
1279 2937 1411 3038 ferro
1436 2942 1537 3040 tela
1560 2965 1835 3079 parantur:

407 3109 521 3212 Nec
548 3115 739 3212 ratione
764 3114 862 3213 alia
886 3134 1100 3249 possunt
1122 3133 1226 3211 tam
1252 3112 1397 3211 laevia
1421 3115 1565 3252 gigni

406 3282 597 3404 Insilia,
625 3285 822 3406 culosi,
850 3308 901 3385 et
926 3284 1071 3404 radii,
1100 3288 1341 3425 scapique
1369 3312 1619 3391 sonantes.

474 3457 544 3561 Et
568 3459 731 3560 facere
757 3483 873 3559 ante
897 3460 1029 3558 viros
1052 3459 1221 3558 lanam
1247 3479 1428 3561 natura
1454 3466 1636 3601 coegit,

405 3630 572 3754 Quam
600 3630 846 3732 muliebre
872 3669 1065 3769 genus3
1104 3670 1218 3732 uam
1243 3633 1396 3772 longe
1423 3639 1708 3772 praestat-in
1735 3661 1862 3759 arte,

404 3806 474 3908 Et
494 3807 745 3907 sollertius
770 3829 845 3907 est
870 3806 1030 3906 multo
1057 3842 1219 3941 genus
1243 3843 1392 3906 omne
1418 3809 1590 3909 virile:

401 3981 655 4119 Agricolae
681 3979 841 4078 donec
866 3978 988 4078 vitio
1006 3999 1201 4078 vertere
1228 3980 1402 4100 severi,

401 4152 479 4257 Ut
501 4151 834 4255 muliebribus
859 4151 913 4251 id
937 4147 1170 4251 manibus
1196 4152 1470 4252 concedere
1495 4155 1702 4275 vellent,

401 4332 575 4470 Atque
600 4329 699 4467 ipsi
724 4328 894 4465 potius
921 4326 1109 4427 durum
1135 4322 1345 4425 sufferre
1369 4325 1626 4450 laborem3

285 4615 291 4635 .
399 4505 573 4644 Atque
598 4541 750 4639 opere
776 4504 828 4603 in
856 4502 984 4602 duro
1011 4499 1254 4599 durarent
1278 4499 1504 4601 membra
1523 4538 1823 4643 manusque.

470 4680 541 4778 At
565 4678 819 4814 specimen
846 4675 1067 4794 sationis,
1093 4697 1146 4773 et
1171 4675 1419 4777 insitionis
1444 4677 1587 4815 origo

400 4851 520 4992 Ipsa
542 4851 641 4952 fuit
664 4888 835 4951 rerum
851 4852 1080 4987 ‚primum
1105 4872 1287 4948 natura
1305 4850 1537 4952 creatrix,

397 5024 680 5128 Arboribus
707 5026 951 5164 quoniam
977 5022 1161 5144 baccae,
1186 5021 1501 5162 glandesque
1527 5015 1731 5124 caducae

396 5199 718 5340 Tempestiva
742 5197 934 5301 dabant
955 5190 1215 5341 pullorum
1241 5197 1473 5301 examina
1496 5194 1687 5302 subter.
