<?xml version="1.0" encoding="UTF-8"?>
<!DOCTYPE html PUBLIC "-//W3C//DTD XHTML 1.0 Transitional//EN"
    "http://www.w3.org/TR/xhtml1/DTD/xhtml1-transitional.dtd">
<html xmlns="http://www.w3.org/1999/xhtml" xml:lang="en" lang="en">
 <head>
  <title>
</title>
<meta http-equiv="Content-Type" content="text/html;charset=utf-8" />
  <meta name='ocr-system' content='tesseract 3.04.00' />
  <meta name='ocr-capabilities' content='ocr_page ocr_carea ocr_par ocr_line ocrx_word'/>
</head>
<body>
  <div class='ocr_page' id='page_1' title='image "./titilucretiicar05carugoog_0064.png"; bbox 0 0 4598 6112; ppageno 0'>
   <div class='ocr_carea' id='block_1_1' title="bbox 764 509 1945 682">
    <p class='ocr_par' dir='ltr' id='par_1_1' title="bbox 764 509 1945 682">
     <span class='ocr_line' id='line_1_1' title="bbox 764 509 1945 682; baseline 0.01 -59"><span class='ocrx_word' id='word_1_1' title='bbox 764 528 1036 628; x_wconf 74' lang='lat' dir='ltr'><strong>trena</strong></span> <span class='ocrx_word' id='word_1_2' title='bbox 1100 536 1596 633; x_wconf 78' lang='lat' dir='ltr'><strong>succubus·</strong></span> <span class='ocrx_word' id='word_1_3' title='bbox 1845 509 1945 682; x_wconf 69' lang='lat' dir='ltr'><strong>5ss</strong></span> 
     </span>
    </p>
   </div>
   <div class='ocr_carea' id='block_1_2' title="bbox 415 792 1887 943">
    <p class='ocr_par' dir='ltr' id='par_1_2' title="bbox 415 792 1887 943">
     <span class='ocr_line' id='line_1_2' title="bbox 415 792 1887 943; baseline 0.009 -50"><span class='ocrx_word' id='word_1_4' title='bbox 415 792 569 914; x_wconf 82' lang='lat' dir='ltr'><strong>Quod</strong></span> <span class='ocrx_word' id='word_1_5' title='bbox 595 832 775 933; x_wconf 86' lang='lat' dir='ltr'><strong>genus,</strong></span> <span class='ocrx_word' id='word_1_6' title='bbox 803 836 830 897; x_wconf 91' lang='lat' dir='ltr'><strong>e</strong></span> <span class='ocrx_word' id='word_1_7' title='bbox 857 820 1028 899; x_wconf 91' lang='lat' dir='ltr'><strong>nostro</strong></span> <span class='ocrx_word' id='word_1_8' title='bbox 1057 837 1213 938; x_wconf 91' lang='lat' dir='ltr'><strong>quom</strong></span> <span class='ocrx_word' id='word_1_9' title='bbox 1240 799 1418 900; x_wconf 93' lang='lat' dir='ltr'><strong>missus</strong></span> <span class='ocrx_word' id='word_1_10' title='bbox 1444 839 1654 940; x_wconf 91' lang='lat' dir='ltr'><strong>corpore</strong></span> <span class='ocrx_word' id='word_1_11' title='bbox 1680 806 1887 943; x_wconf 87' lang='lat' dir='ltr'><strong>sanguis</strong></span> 
     </span>
    </p>
   </div>
   <div class='ocr_carea' id='block_1_3' title="bbox 249 967 2018 5326">
    <p class='ocr_par' dir='ltr' id='par_1_3' title="bbox 415 967 1641 1113">
     <span class='ocr_line' id='line_1_3' title="bbox 415 967 1641 1113; baseline 0.007 -44"><span class='ocrx_word' id='word_1_12' title='bbox 415 967 615 1070; x_wconf 83' lang='lat' dir='ltr'>Emicat</span> <span class='ocrx_word' id='word_1_13' title='bbox 640 970 899 1078; x_wconf 76' lang='lat' dir='ltr'><strong>exsultans</strong></span> <span class='ocrx_word' id='word_1_14' title='bbox 924 973 1042 1093; x_wconf 88' lang='lat' dir='ltr'><strong>alte,</strong></span> <span class='ocrx_word' id='word_1_15' title='bbox 1071 972 1368 1113; x_wconf 80' lang='lat' dir='ltr'>spargitque</span> <span class='ocrx_word' id='word_1_16' title='bbox 1395 983 1641 1079; x_wconf 84' lang='lat' dir='ltr'><strong>cruorem.</strong></span> 
     </span>
    </p>

    <p class='ocr_par' dir='ltr' id='par_1_4' title="bbox 413 1133 1907 1638">
     <span class='ocr_line' id='line_1_4' title="bbox 415 1133 1734 1291; baseline 0.005 -46"><span class='ocrx_word' id='word_1_17' title='bbox 415 1142 604 1245; x_wconf 86' lang='lat' dir='ltr'><strong>Nonne</strong></span> <span class='ocrx_word' id='word_1_18' title='bbox 630 1133 769 1246; x_wconf 90' lang='lat' dir='ltr'><strong>vides</strong></span> <span class='ocrx_word' id='word_1_19' title='bbox 796 1147 965 1268; x_wconf 86' lang='lat' dir='ltr'><strong>etiam,</strong></span> <span class='ocrx_word' id='word_1_20' title='bbox 992 1169 1185 1286; x_wconf 88' lang='lat' dir='ltr'><strong>quanta</strong></span> <span class='ocrx_word' id='word_1_21' title='bbox 1208 1148 1255 1247; x_wconf 92' lang='lat' dir='ltr'><strong>vi</strong></span> <span class='ocrx_word' id='word_1_22' title='bbox 1277 1149 1734 1291; x_wconf 88' lang='lat' dir='ltr'><strong>tignatrabeisque</strong></span> 
     </span>
     <span class='ocr_line' id='line_1_5' title="bbox 413 1316 1907 1463; baseline 0.01 -44"><span class='ocrx_word' id='word_1_23' title='bbox 413 1316 644 1458; x_wconf 82' lang='lat' dir='ltr'><strong>Respuet</strong></span> <span class='ocrx_word' id='word_1_24' title='bbox 654 1319 835 1423; x_wconf 85' lang='lat' dir='ltr'><strong>humor</strong></span> <span class='ocrx_word' id='word_1_25' title='bbox 848 1325 1022 1462; x_wconf 68' lang='lat' dir='ltr'><strong>aquaei</strong></span> <span class='ocrx_word' id='word_1_26' title='bbox 1043 1360 1157 1421; x_wconf 91' lang='lat' dir='ltr'><strong>nam</strong></span> <span class='ocrx_word' id='word_1_27' title='bbox 1170 1360 1324 1462; x_wconf 89' lang='lat' dir='ltr'><strong>quam</strong></span> <span class='ocrx_word' id='word_1_28' title='bbox 1340 1327 1729 1463; x_wconf 85' lang='lat' dir='ltr'><strong>magisursimus</strong></span> <span class='ocrx_word' id='word_1_29' title='bbox 1746 1329 1907 1434; x_wconf 88' lang='lat' dir='ltr'><strong>altum</strong></span> 
     </span>
     <span class='ocr_line' id='line_1_6' title="bbox 413 1490 1651 1638; baseline 0.005 -44"><span class='ocrx_word' id='word_1_30' title='bbox 413 1490 639 1616; x_wconf 88' lang='lat' dir='ltr'><strong>Directa‚</strong></span> <span class='ocrx_word' id='word_1_31' title='bbox 667 1518 719 1595; x_wconf 92' lang='lat' dir='ltr'><strong>et</strong></span> <span class='ocrx_word' id='word_1_32' title='bbox 739 1534 926 1634; x_wconf 90' lang='lat' dir='ltr'><strong>magna</strong></span> <span class='ocrx_word' id='word_1_33' title='bbox 949 1496 996 1598; x_wconf 91' lang='lat' dir='ltr'><strong>vi</strong></span> <span class='ocrx_word' id='word_1_34' title='bbox 1024 1497 1171 1598; x_wconf 89' lang='lat' dir='ltr'><strong>multi</strong></span> <span class='ocrx_word' id='word_1_35' title='bbox 1200 1500 1471 1634; x_wconf 83' lang='lat' dir='ltr'><strong>pressimus</strong></span> <span class='ocrx_word' id='word_1_36' title='bbox 1497 1516 1651 1638; x_wconf 83' lang='lat' dir='ltr'><strong>aeg&#39;re,</strong></span> 
     </span>
    </p>

    <p class='ocr_par' dir='ltr' id='par_1_5' title="bbox 392 1667 1852 1995">
     <span class='ocr_line' id='line_1_7' title="bbox 409 1667 1852 1815; baseline 0.006 -44"><span class='ocrx_word' id='word_1_37' title='bbox 409 1667 538 1771; x_wconf 85' lang='lat' dir='ltr'><strong>Tam</strong></span> <span class='ocrx_word' id='word_1_38' title='bbox 563 1670 749 1810; x_wconf 90' lang='lat' dir='ltr'><strong>cupide</strong></span> <span class='ocrx_word' id='word_1_39' title='bbox 775 1709 972 1773; x_wconf 90' lang='lat' dir='ltr'><strong>sursum</strong></span> <span class='ocrx_word' id='word_1_40' title='bbox 1000 1672 1215 1774; x_wconf 85' lang='lat' dir='ltr'><strong>revomit</strong></span> <span class='ocrx_word' id='word_1_41' title='bbox 1239 1674 1415 1812; x_wconf 89' lang='lat' dir='ltr'><strong>magis,</strong></span> <span class='ocrx_word' id='word_1_42' title='bbox 1443 1697 1598 1815; x_wconf 89' lang='lat' dir='ltr'><strong>atque</strong></span> <span class='ocrx_word' id='word_1_43' title='bbox 1623 1679 1852 1800; x_wconf 78' lang='lat' dir='ltr'><strong>remittit,</strong></span> 
     </span>
     <span class='ocr_line' id='line_1_8' title="bbox 392 1832 1652 1995; baseline 0.003 -47"><span class='ocrx_word' id='word_1_44' title='bbox 392 1845 534 1995; x_wconf 9' lang='lat' dir='ltr'><strong>&#39;Plus</strong></span> <span class='ocrx_word' id='word_1_45' title='bbox 561 1872 620 1948; x_wconf 90' lang='lat' dir='ltr'><strong>ut</strong></span> <span class='ocrx_word' id='word_1_46' title='bbox 644 1832 790 1987; x_wconf 87' lang='lat' dir='ltr'><strong>parte</strong></span> <span class='ocrx_word' id='word_1_47' title='bbox 814 1849 948 1950; x_wconf 85' lang='lat' dir='ltr'><strong>foras</strong></span> <span class='ocrx_word' id='word_1_48' title='bbox 974 1844 1255 1987; x_wconf 87' lang='lat' dir='ltr'><strong>emergant,</strong></span> <span class='ocrx_word' id='word_1_49' title='bbox 1282 1849 1652 1990; x_wconf 84' lang='lat' dir='ltr'><strong>exsiliantque:</strong></span> 
     </span>
    </p>

    <p class='ocr_par' dir='ltr' id='par_1_6' title="bbox 407 2021 1961 3216">
     <span class='ocr_line' id='line_1_9' title="bbox 412 2021 1903 2167; baseline 0.007 -44"><span class='ocrx_word' id='word_1_50' title='bbox 412 2021 527 2124; x_wconf 91' lang='lat' dir='ltr'><strong>Nec</strong></span> <span class='ocrx_word' id='word_1_51' title='bbox 542 2046 715 2125; x_wconf 90' lang='lat' dir='ltr'><strong>tamen</strong></span> <span class='ocrx_word' id='word_1_52' title='bbox 730 2023 855 2144; x_wconf 84' lang='lat' dir='ltr'><strong>baec,</strong></span> <span class='ocrx_word' id='word_1_53' title='bbox 875 2048 1123 2163; x_wconf 85' lang='lat' dir='ltr'><strong>quantum</strong></span> <span class='ocrx_word' id='word_1_54' title='bbox 1141 2044 1217 2123; x_wconf 93' lang='lat' dir='ltr'><strong>est</strong></span> <span class='ocrx_word' id='word_1_55' title='bbox 1231 2025 1284 2123; x_wconf 92' lang='lat' dir='ltr'><strong>in</strong></span> <span class='ocrx_word' id='word_1_56' title='bbox 1300 2062 1369 2144; x_wconf 90' lang='lat' dir='ltr'><strong>se,</strong></span> <span class='ocrx_word' id='word_1_57' title='bbox 1380 2022 1689 2146; x_wconf 90' lang='lat' dir='ltr'><strong>dubitamus,</strong></span> <span class='ocrx_word' id='word_1_58' title='bbox 1705 2029 1903 2167; x_wconf 89' lang='lat' dir='ltr'><strong>opinor,</strong></span> 
     </span>
     <span class='ocr_line' id='line_1_10' title="bbox 411 2198 1832 2338; baseline 0.003 -37"><span class='ocrx_word' id='word_1_59' title='bbox 411 2199 554 2321; x_wconf 83' lang='lat' dir='ltr'><strong>Quin</strong></span> <span class='ocrx_word' id='word_1_60' title='bbox 579 2239 796 2303; x_wconf 92' lang='lat' dir='ltr'><strong>vacuum</strong></span> <span class='ocrx_word' id='word_1_61' title='bbox 816 2216 917 2338; x_wconf 80' lang='lat' dir='ltr'><strong>&#39;per</strong></span> <span class='ocrx_word' id='word_1_62' title='bbox 942 2201 1092 2300; x_wconf 91' lang='lat' dir='ltr'><strong>inane</strong></span> <span class='ocrx_word' id='word_1_63' title='bbox 1118 2199 1355 2300; x_wconf 87' lang='lat' dir='ltr'><strong>deorsum</strong></span> <span class='ocrx_word' id='word_1_64' title='bbox 1380 2221 1563 2300; x_wconf 89' lang='lat' dir='ltr'><strong>cuncta</strong></span> <span class='ocrx_word' id='word_1_65' title='bbox 1586 2198 1832 2306; x_wconf 88' lang='lat' dir='ltr'><strong>ferantur.</strong></span> 
     </span>
     <span class='ocr_line' id='line_1_11' title="bbox 411 2373 1820 2518; baseline 0 -41"><span class='ocrx_word' id='word_1_66' title='bbox 411 2375 494 2478; x_wconf 84' lang='lat' dir='ltr'><strong>Sic</strong></span> <span class='ocrx_word' id='word_1_67' title='bbox 513 2378 673 2516; x_wconf 88' lang='lat' dir='ltr'><strong>igitur</strong></span> <span class='ocrx_word' id='word_1_68' title='bbox 697 2373 888 2476; x_wconf 89' lang='lat' dir='ltr'><strong>debent</strong></span> <span class='ocrx_word' id='word_1_69' title='bbox 905 2375 1124 2476; x_wconf 85' lang='lat' dir='ltr'><strong>flammae</strong></span> <span class='ocrx_word' id='word_1_70' title='bbox 1151 2410 1359 2514; x_wconf 90' lang='lat' dir='ltr'><strong>quoque</strong></span> <span class='ocrx_word' id='word_1_71' title='bbox 1384 2410 1536 2518; x_wconf 79' lang='lat' dir='ltr'><strong>posse</strong></span> <span class='ocrx_word' id='word_1_72' title='bbox 1555 2412 1649 2512; x_wconf 87' lang='lat' dir='ltr'><strong>per</strong></span> <span class='ocrx_word' id='word_1_73' title='bbox 1673 2413 1820 2478; x_wconf 87' lang='lat' dir='ltr'><strong>auras</strong></span> 
     </span>
     <span class='ocr_line' id='line_1_12' title="bbox 407 2550 1739 2690; baseline -0.002 -37"><span class='ocrx_word' id='word_1_74' title='bbox 407 2553 555 2654; x_wconf 67' lang='lat' dir='ltr'><strong>Aeris</strong></span> <span class='ocrx_word' id='word_1_75' title='bbox 581 2590 835 2690; x_wconf 84' lang='lat' dir='ltr'><strong>expressae</strong></span> <span class='ocrx_word' id='word_1_76' title='bbox 860 2588 1059 2652; x_wconf 88' lang='lat' dir='ltr'><strong>sursum</strong></span> <span class='ocrx_word' id='word_1_77' title='bbox 1086 2550 1388 2674; x_wconf 88' lang='lat' dir='ltr'><strong>succedere;</strong></span> <span class='ocrx_word' id='word_1_78' title='bbox 1427 2587 1739 2690; x_wconf 90' lang='lat' dir='ltr'><strong>quamquam</strong></span> 
     </span>
     <span class='ocr_line' id='line_1_13' title="bbox 408 2724 1961 2869; baseline 0.003 -41"><span class='ocrx_word' id='word_1_79' title='bbox 408 2724 659 2848; x_wconf 81' lang='lat' dir='ltr'><strong>Pondere,</strong></span> <span class='ocrx_word' id='word_1_80' title='bbox 676 2726 993 2867; x_wconf 91' lang='lat' dir='ltr'><strong>quantumin</strong></span> <span class='ocrx_word' id='word_1_81' title='bbox 1012 2764 1063 2827; x_wconf 90' lang='lat' dir='ltr'><strong>se</strong></span> <span class='ocrx_word' id='word_1_82' title='bbox 1078 2725 1170 2850; x_wconf 85' lang='lat' dir='ltr'><strong>est,</strong></span> <span class='ocrx_word' id='word_1_83' title='bbox 1188 2728 1423 2828; x_wconf 90' lang='lat' dir='ltr'><strong>deorsum</strong></span> <span class='ocrx_word' id='word_1_84' title='bbox 1440 2726 1691 2830; x_wconf 85' lang='lat' dir='ltr'><strong>deducere</strong></span> <span class='ocrx_word' id='word_1_85' title='bbox 1707 2752 1961 2869; x_wconf 84' lang='lat' dir='ltr'><strong>pugnent:</strong></span> 
     </span>
     <span class='ocr_line' id='line_1_14' title="bbox 408 2899 1702 3042; baseline 0.004 -38"><span class='ocrx_word' id='word_1_86' title='bbox 408 2899 804 3042; x_wconf 85' lang='lat' dir='ltr'><strong>Nocturnasque</strong></span> <span class='ocrx_word' id='word_1_87' title='bbox 829 2902 964 3003; x_wconf 85' lang='lat' dir='ltr'><strong>faces</strong></span> <span class='ocrx_word' id='word_1_88' title='bbox 989 2903 1100 3002; x_wconf 86' lang='lat' dir='ltr'><strong>coeli</strong></span> <span class='ocrx_word' id='word_1_89' title='bbox 1120 2901 1335 3003; x_wconf 90' lang='lat' dir='ltr'><strong>sublime</strong></span> <span class='ocrx_word' id='word_1_90' title='bbox 1360 2902 1603 3003; x_wconf 82' lang='lat' dir='ltr'><strong>volenteis</strong></span> <span class='ocrx_word' id='word_1_91' title='bbox 1699 2974 1702 3009; x_wconf 59' lang='grc' dir='ltr'>ς</span> 
     </span>
     <span class='ocr_line' id='line_1_15' title="bbox 408 3074 1744 3216; baseline 0.001 -39"><span class='ocrx_word' id='word_1_92' title='bbox 408 3074 598 3177; x_wconf 91' lang='lat' dir='ltr'><strong>Nonne</strong></span> <span class='ocrx_word' id='word_1_93' title='bbox 619 3077 756 3178; x_wconf 89' lang='lat' dir='ltr'><strong>vides</strong></span> <span class='ocrx_word' id='word_1_94' title='bbox 780 3078 959 3216; x_wconf 86' lang='lat' dir='ltr'><strong>longos</strong></span> <span class='ocrx_word' id='word_1_95' title='bbox 984 3080 1303 3191; x_wconf 89' lang='lat' dir='ltr'><strong>flammarum</strong></span> <span class='ocrx_word' id='word_1_96' title='bbox 1323 3077 1508 3178; x_wconf 90' lang='lat' dir='ltr'><strong>ducere</strong></span> <span class='ocrx_word' id='word_1_97' title='bbox 1534 3092 1744 3199; x_wconf 86' lang='lat' dir='ltr'><strong>tractus,</strong></span> 
     </span>
    </p>

    <p class='ocr_par' dir='ltr' id='par_1_7' title="bbox 406 3249 1737 3394">
     <span class='ocr_line' id='line_1_16' title="bbox 406 3249 1737 3394; baseline 0 -42"><span class='ocrx_word' id='word_1_98' title='bbox 406 3249 469 3353; x_wconf 90' lang='lat' dir='ltr'><strong>In</strong></span> <span class='ocrx_word' id='word_1_99' title='bbox 496 3291 830 3394; x_wconf 89' lang='lat' dir='ltr'><strong>quascunque</strong></span> <span class='ocrx_word' id='word_1_100' title='bbox 857 3252 1000 3354; x_wconf 87' lang='lat' dir='ltr'><strong>dedit</strong></span> <span class='ocrx_word' id='word_1_101' title='bbox 1022 3254 1211 3392; x_wconf 90' lang='lat' dir='ltr'><strong>parteis</strong></span> <span class='ocrx_word' id='word_1_102' title='bbox 1236 3276 1419 3353; x_wconf 91' lang='lat' dir='ltr'><strong>natura</strong></span> <span class='ocrx_word' id='word_1_103' title='bbox 1444 3253 1698 3352; x_wconf 64' lang='lat' dir='ltr'><strong>meatum?</strong></span> <span class='ocrx_word' id='word_1_104' title='bbox 1733 3274 1737 3280; x_wconf 84' lang='lat'>&#39;</span> 
     </span>
    </p>

    <p class='ocr_par' dir='ltr' id='par_1_8' title="bbox 407 3426 1725 3549">
     <span class='ocr_line' id='line_1_17' title="bbox 407 3426 1725 3549; baseline -0.001 -20"><span class='ocrx_word' id='word_1_105' title='bbox 407 3426 532 3530; x_wconf 93' lang='lat' dir='ltr'><strong>Non</strong></span> <span class='ocrx_word' id='word_1_106' title='bbox 557 3430 740 3531; x_wconf 87' lang='lat' dir='ltr'><strong>cadere</strong></span> <span class='ocrx_word' id='word_1_107' title='bbox 761 3432 815 3530; x_wconf 87' lang='lat' dir='ltr'><strong>in</strong></span> <span class='ocrx_word' id='word_1_108' title='bbox 840 3451 1029 3530; x_wconf 87' lang='lat' dir='ltr'><strong>terram</strong></span> <span class='ocrx_word' id='word_1_109' title='bbox 1054 3427 1242 3549; x_wconf 82' lang='lat' dir='ltr'><strong>stelias,</strong></span> <span class='ocrx_word' id='word_1_110' title='bbox 1266 3430 1318 3528; x_wconf 85' lang='lat' dir='ltr'><strong>et</strong></span> <span class='ocrx_word' id='word_1_111' title='bbox 1342 3427 1508 3548; x_wconf 86' lang='lat' dir='ltr'><strong>sidera</strong></span> <span class='ocrx_word' id='word_1_112' title='bbox 1531 3427 1725 3528; x_wconf 63' lang='lat' dir='ltr'><strong>cernis?</strong></span> 
     </span>
    </p>

    <p class='ocr_par' dir='ltr' id='par_1_9' title="bbox 402 3601 1677 3918">
     <span class='ocr_line' id='line_1_18' title="bbox 405 3601 1669 3747; baseline -0.004 -41"><span class='ocrx_word' id='word_1_113' title='bbox 405 3603 494 3706; x_wconf 86' lang='lat' dir='ltr'><strong>Sol</strong></span> <span class='ocrx_word' id='word_1_114' title='bbox 519 3607 672 3706; x_wconf 86' lang='lat' dir='ltr'><strong>etiam</strong></span> <span class='ocrx_word' id='word_1_115' title='bbox 697 3642 895 3747; x_wconf 90' lang='lat' dir='ltr'><strong>summo</strong></span> <span class='ocrx_word' id='word_1_116' title='bbox 920 3604 983 3706; x_wconf 89' lang='lat' dir='ltr'><strong>de</strong></span> <span class='ocrx_word' id='word_1_117' title='bbox 1008 3606 1193 3705; x_wconf 89' lang='lat' dir='ltr'><strong>vertice</strong></span> <span class='ocrx_word' id='word_1_118' title='bbox 1220 3602 1450 3740; x_wconf 83' lang='lat' dir='ltr'><strong>dissupat</strong></span> <span class='ocrx_word' id='word_1_119' title='bbox 1474 3601 1669 3703; x_wconf 90' lang='lat' dir='ltr'><strong>omneis</strong></span> 
     </span>
     <span class='ocr_line' id='line_1_19' title="bbox 402 3775 1677 3918; baseline -0.005 -38"><span class='ocrx_word' id='word_1_120' title='bbox 402 3780 654 3881; x_wconf 85' lang='lat' dir='ltr'><strong>Ardorem</strong></span> <span class='ocrx_word' id='word_1_121' title='bbox 680 3781 731 3881; x_wconf 92' lang='lat' dir='ltr'><strong>in</strong></span> <span class='ocrx_word' id='word_1_122' title='bbox 758 3781 963 3918; x_wconf 64' lang='lat' dir='ltr'><strong>parteis,</strong></span> <span class='ocrx_word' id='word_1_123' title='bbox 990 3801 1040 3879; x_wconf 90' lang='lat' dir='ltr'><strong>et</strong></span> <span class='ocrx_word' id='word_1_124' title='bbox 1065 3779 1259 3880; x_wconf 89' lang='lat' dir='ltr'><strong>lumine</strong></span> <span class='ocrx_word' id='word_1_125' title='bbox 1283 3775 1501 3877; x_wconf 89' lang='lat' dir='ltr'><strong>conserit</strong></span> <span class='ocrx_word' id='word_1_126' title='bbox 1525 3812 1644 3875; x_wconf 89' lang='lat' dir='ltr'><strong>arva</strong></span> <span class='ocrx_word' id='word_1_127' title='bbox 1658 3815 1677 3897; x_wconf 75' lang='lat'><em>3</em></span> 
     </span>
    </p>

    <p class='ocr_par' dir='ltr' id='par_1_10' title="bbox 362 3939 1893 4622">
     <span class='ocr_line' id='line_1_20' title="bbox 362 3939 1657 4093; baseline -0.005 -39"><span class='ocrx_word' id='word_1_128' title='bbox 362 3988 374 4007; x_wconf 87' lang='lat'><strong>·</strong></span> <span class='ocrx_word' id='word_1_129' title='bbox 404 3951 465 4054; x_wconf 95' lang='lat' dir='ltr'><strong>In</strong></span> <span class='ocrx_word' id='word_1_130' title='bbox 491 3977 656 4054; x_wconf 89' lang='lat' dir='ltr'><strong>terras</strong></span> <span class='ocrx_word' id='word_1_131' title='bbox 675 3939 833 4093; x_wconf 86' lang='lat' dir='ltr'><strong>igitur</strong></span> <span class='ocrx_word' id='word_1_132' title='bbox 858 3992 1066 4093; x_wconf 80' lang='lat' dir='ltr'><strong>qunque</strong></span> <span class='ocrx_word' id='word_1_133' title='bbox 1093 3951 1209 4052; x_wconf 86' lang='lat' dir='ltr'><strong>sol-is</strong></span> <span class='ocrx_word' id='word_1_134' title='bbox 1236 3952 1463 4089; x_wconf 81' lang='lat' dir='ltr'><strong>vergitur</strong></span> <span class='ocrx_word' id='word_1_135' title='bbox 1489 3947 1657 4050; x_wconf 82' lang='lat' dir='ltr'><strong>ardor.</strong></span> 
     </span>
     <span class='ocr_line' id='line_1_21' title="bbox 400 4122 1893 4270; baseline -0.005 -38"><span class='ocrx_word' id='word_1_136' title='bbox 400 4128 1026 4270; x_wconf 71' lang='lat' dir='ltr'><strong>Transversosque‚volare</strong></span> <span class='ocrx_word' id='word_1_137' title='bbox 1052 4165 1145 4266; x_wconf 90' lang='lat' dir='ltr'><strong>per</strong></span> <span class='ocrx_word' id='word_1_138' title='bbox 1167 4123 1353 4227; x_wconf 90' lang='lat' dir='ltr'><strong>imbres</strong></span> <span class='ocrx_word' id='word_1_139' title='bbox 1377 4122 1591 4223; x_wconf 86' lang='lat' dir='ltr'><strong>fulmina</strong></span> <span class='ocrx_word' id='word_1_140' title='bbox 1615 4122 1810 4234; x_wconf 71' lang='lat' dir='ltr'><strong>cernis:</strong></span> <span class='ocrx_word' id='word_1_141' title='bbox 1890 4233 1893 4236; x_wconf 9' lang='grc' dir='ltr'><em>Α</em></span> 
     </span>
     <span class='ocr_line' id='line_1_22' title="bbox 402 4296 1686 4444; baseline -0.01 -35"><span class='ocrx_word' id='word_1_142' title='bbox 402 4305 561 4409; x_wconf 89' lang='lat' dir='ltr'><strong>Nunc</strong></span> <span class='ocrx_word' id='word_1_143' title='bbox 587 4304 705 4406; x_wconf 88' lang='lat' dir='ltr'><strong>hine</strong></span> <span class='ocrx_word' id='word_1_144' title='bbox 729 4345 865 4407; x_wconf 88' lang='lat' dir='ltr'><strong>nuno</strong></span> <span class='ocrx_word' id='word_1_145' title='bbox 891 4304 1029 4405; x_wconf 82' lang='lat' dir='ltr'><strong>illino</strong></span> <span class='ocrx_word' id='word_1_146' title='bbox 1054 4300 1260 4437; x_wconf 84' lang='lat' dir='ltr'><strong>abrupti</strong></span> <span class='ocrx_word' id='word_1_147' title='bbox 1286 4296 1512 4399; x_wconf 84' lang='lat' dir='ltr'><strong>nubibus</strong></span> <span class='ocrx_word' id='word_1_148' title='bbox 1537 4299 1686 4444; x_wconf 86' lang='lat' dir='ltr'><strong>ignes</strong></span> 
     </span>
     <span class='ocr_line' id='line_1_23' title="bbox 403 4472 1714 4622; baseline -0.008 -37"><span class='ocrx_word' id='word_1_149' title='bbox 403 4480 737 4602; x_wconf 86' lang='lat' dir='ltr'><strong>Concursant,</strong></span> <span class='ocrx_word' id='word_1_150' title='bbox 764 4480 901 4583; x_wconf 85' lang='lat' dir='ltr'><strong>eadit</strong></span> <span class='ocrx_word' id='word_1_151' title='bbox 924 4482 979 4622; x_wconf 93' lang='lat' dir='ltr'><strong>in</strong></span> <span class='ocrx_word' id='word_1_152' title='bbox 1003 4503 1162 4580; x_wconf 89' lang='lat' dir='ltr'><strong>terras</strong></span> <span class='ocrx_word' id='word_1_153' title='bbox 1187 4475 1261 4576; x_wconf 89' lang='lat' dir='ltr'><strong>vis</strong></span> <span class='ocrx_word' id='word_1_154' title='bbox 1286 4475 1521 4574; x_wconf 87' lang='lat' dir='ltr'><strong>flammea</strong></span> <span class='ocrx_word' id='word_1_155' title='bbox 1544 4472 1714 4608; x_wconf 80' lang='lat' dir='ltr'><strong>volgo.</strong></span> 
     </span>
    </p>

    <p class='ocr_par' dir='ltr' id='par_1_11' title="bbox 249 4649 2018 5326">
     <span class='ocr_line' id='line_1_24' title="bbox 471 4649 2014 4796; baseline -0.006 -38"><span class='ocrx_word' id='word_1_156' title='bbox 471 4656 609 4759; x_wconf 91' lang='lat' dir='ltr'><strong>Illud</strong></span> <span class='ocrx_word' id='word_1_157' title='bbox 634 4660 687 4758; x_wconf 91' lang='lat' dir='ltr'><strong>in</strong></span> <span class='ocrx_word' id='word_1_158' title='bbox 713 4655 794 4757; x_wconf 87' lang='lat' dir='ltr'><strong>bis</strong></span> <span class='ocrx_word' id='word_1_159' title='bbox 817 4694 1030 4796; x_wconf 88' lang='lat' dir='ltr'><strong>qnoque</strong></span> <span class='ocrx_word' id='word_1_160' title='bbox 1054 4677 1110 4754; x_wconf 90' lang='lat' dir='ltr'><strong>te</strong></span> <span class='ocrx_word' id='word_1_161' title='bbox 1133 4649 1286 4753; x_wconf 93' lang='lat' dir='ltr'><strong>rebus</strong></span> <span class='ocrx_word' id='word_1_162' title='bbox 1310 4685 1609 4787; x_wconf 85' lang='lat' dir='ltr'><strong>cognoscere</strong></span> <span class='ocrx_word' id='word_1_163' title='bbox 1635 4684 1866 4750; x_wconf 83' lang='lat' dir='ltr'><strong>avemus:</strong></span> <span class='ocrx_word' id='word_1_164' title='bbox 2010 4726 2014 4731; x_wconf 83' lang='lat'>-</span> 
     </span>
     <span class='ocr_line' id='line_1_25' title="bbox 401 4795 2018 4972; baseline -0.008 -37"><span class='ocrx_word' id='word_1_165' title='bbox 401 4831 630 4972; x_wconf 83' lang='lat' dir='ltr'><strong>Corpora</strong></span> <span class='ocrx_word' id='word_1_166' title='bbox 654 4870 810 4972; x_wconf 90' lang='lat' dir='ltr'><strong>quom</strong></span> <span class='ocrx_word' id='word_1_167' title='bbox 835 4830 1072 4934; x_wconf 88' lang='lat' dir='ltr'><strong>deorsum</strong></span> <span class='ocrx_word' id='word_1_168' title='bbox 1096 4848 1294 4928; x_wconf 90' lang='lat' dir='ltr'><strong>rectum</strong></span> <span class='ocrx_word' id='word_1_169' title='bbox 1317 4824 1584 4960; x_wconf 88' lang='lat' dir='ltr'><strong>perinane</strong></span> <span class='ocrx_word' id='word_1_170' title='bbox 1609 4820 1866 4943; x_wconf 85' lang='lat' dir='ltr'><strong>feruntur,</strong></span> <span class='ocrx_word' id='word_1_171' title='bbox 2015 4795 2018 4802; x_wconf 29' lang='lat'><em>¹</em></span> 
     </span>
     <span class='ocr_line' id='line_1_26' title="bbox 398 4993 1642 5148; baseline -0.014 -37"><span class='ocrx_word' id='word_1_172' title='bbox 398 5007 723 5111; x_wconf 86' lang='lat' dir='ltr'><strong>Ponderibus</strong></span> <span class='ocrx_word' id='word_1_173' title='bbox 744 5008 961 5148; x_wconf 91' lang='lat' dir='ltr'><strong>propriis</strong></span> <span class='ocrx_word' id='word_1_174' title='bbox 986 5008 1185 5107; x_wconf 84' lang='lat' dir='ltr'><strong>incerto.</strong></span> <span class='ocrx_word' id='word_1_175' title='bbox 1205 5021 1434 5135; x_wconf 90' lang='lat' dir='ltr'><strong>tempore</strong></span> <span class='ocrx_word' id='word_1_176' title='bbox 1460 4993 1642 5118; x_wconf 83' lang='lat' dir='ltr'><strong>ferme,¹</strong></span> 
     </span>
     <span class='ocr_line' id='line_1_27' title="bbox 249 5161 1680 5326; baseline -0.01 -39"><span class='ocrx_word' id='word_1_177' title='bbox 249 5161 252 5172; x_wconf 35' lang='lat'>¹</span> <span class='ocrx_word' id='word_1_178' title='bbox 397 5182 713 5326; x_wconf 89' lang='lat' dir='ltr'><strong>Incertisque</strong></span> <span class='ocrx_word' id='word_1_179' title='bbox 737 5184 859 5286; x_wconf 85' lang='lat' dir='ltr'><strong>loeis</strong></span> <span class='ocrx_word' id='word_1_180' title='bbox 883 5183 1046 5324; x_wconf 87' lang='lat' dir='ltr'><strong>spatio</strong></span> <span class='ocrx_word' id='word_1_181' title='bbox 1071 5220 1123 5284; x_wconf 89' lang='lat' dir='ltr'><strong>se</strong></span> <span class='ocrx_word' id='word_1_182' title='bbox 1147 5177 1338 5321; x_wconf 83' lang='lat' dir='ltr'><strong>pellere</strong></span> <span class='ocrx_word' id='word_1_183' title='bbox 1363 5168 1631 5313; x_wconf 76' lang='lat' dir='ltr'><strong>paullum:</strong></span> <span class='ocrx_word' id='word_1_184' title='bbox 1674 5299 1680 5310; x_wconf 11' lang='grc' dir='ltr'><strong><em>ἦ</em></strong></span> 
     </span>
    </p>
   </div>
   <div class='ocr_carea' id='block_1_4' title="bbox 1413 5462 1771 5756">
    <p class='ocr_par' dir='ltr' id='par_1_12' title="bbox 1344 5462 1771 5756">
     <span class='ocr_line' id='line_1_28' title="bbox 1413 5462 1771 5756; baseline 0.007 -1.515"><span class='ocrx_word' id='word_1_185' title='bbox 1413 5462 1771 5756; x_wconf 56' lang='lat' dir='ltr'>n</span> 
     </span>
    </p>
   </div>
   <div class='ocr_carea' id='block_1_5' title="bbox 0 0 2304 6112">
    <p class='ocr_par' dir='ltr' id='par_1_13' title="bbox 0 0 2304 6112">
     <span class='ocr_line' id='line_1_29' title="bbox 0 0 2304 6112; baseline 0 2"><span class='ocrx_word' id='word_1_186' title='bbox 0 0 2304 6112; x_wconf 95' lang='lat' dir='ltr'><strong> </strong></span> 
     </span>
    </p>
   </div>
  </div>
 </body>
</html>
