4598 6112
754 516 1045 629 ,trena
1105 526 1449 624 snxrus
1774 518 1884 671 ¹etr

396 812 515 936 Quo
541 814 701 953 magis
725 816 984 955 inceptum
1010 851 1220 953 pergam
1244 836 1509 950 pertexere
1537 812 1698 917 dictis,

465 990 534 1090 Et
560 993 800 1129 quoniam
824 990 1452 1111 docui,·mundi.mortalia
1476 989 1670 1126 templa

395 1160 536 1285 Esse,
564 1186 616 1263 et
640 1165 808 1266 nativo
833 1164 1101 1265 consistere
1127 1201 1336 1302 corpore
1361 1163 1575 1289 coelum3

396 1333 466 1437 Et
490 1374 812 1477 quaecunque
836 1341 888 1441 in
917 1377 979 1441 eo
1000 1339 1148 1459 fiunt,
1175 1339 1421 1476 fientque,
1443 1374 1644 1439 necesse

397 1510 520 1614 Esse
547 1553 606 1614 ea
631 1513 862 1619 dissolvi:
903 1554 1022 1655 quae
1047 1534 1238 1616 restant
1264 1514 1467 1653 percipe
1492 1544 1676 1650 porro:

398 1684 835 1828 Quandoquidem
868 1690 1022 1791 semel
1045 1690 1297 1827 insignem
1322 1685 1657 1789 conscendere
1682 1718 1888 1828 currum

395 1860 650 1964 Vincendi
676 1902 789 2002 spes
814 1863 1014 1965 hortata
1038 1886 1130 1984 est,
1157 1885 1313 2002 atque
1338 1861 1487 1963 obvia
1511 1898 1661 1962 cursu
1709 1869 1710 1873 '

397 2034 532 2158 Quae
557 2035 775 2159 fuerant,
803 2060 923 2140 sunt
945 2038 1147 2175 placato
1172 2073 1410 2139 conversa
1434 2034 1620 2137 furore.

469 2211 683 2335 Caetera,
711 2252 828 2352 quae
853 2214 963 2314 fieri
988 2214 1213 2313 interris
1239 2211 1468 2350 coeloque
1492 2231 1708 2312 tuentur

398 2383 661 2509 Mortales,
687 2387 884 2526 pavidis
909 2423 1066 2527 quom
1091 2383 1597 2525 pendentmentibus
1623 2420 1775 2523 saepe,

398 2557 643 2661 Efficiunt
667 2564 858 2662 animos
883 2559 1119 2662 humileis
1143 2559 1412 2662 formidine
1437 2560 1620 2681 divdm,

398 2729 785 2874 Depressosque
809 2757 1053 2874 premunt
1063 2734 1142 2835 ad
1166 2758 1368 2856 terram,
1394 2756 1665 2874 propterea
1690 2733 1833 2877 quod

398 2910 695 3052 Ignorantia
719 2950 981 3015 causarum
1008 2912 1235 3014 conferre
1263 2910 1474 3018 deorum

343 3201 352 3215 .
395 3083 556 3225 Cogit
579 3085 644 3186 ad
669 3085 939 3223 imperium
964 3123 1061 3206 res,
1088 3105 1142 3184 et
1165 3083 1440 3185 concedere
1466 3122 1713 3223 regnum:
1753 3107 1806 3186 et

401 3255 640 3379 Quorum
666 3296 880 3397 operum
903 3297 1077 3370 causas
1101 3257 1245 3383 nulla
1267 3252 1657 3361 rationevidere

399 3429 636 3555 Possunt,
663 3430 773 3534 haec
798 3434 908 3534 fieri
934 3433 1108 3534 divino
1129 3433 1336 3534 numine
1355 3455 1547 3535 rentur.

401 3603 540 3712 Nam
566 3606 696 3708 bene
722 3608 815 3746 qui
839 3607 1061 3709 didicere
1087 3606 1210 3708 deos·
1229 3629 1465 3709 ‘securum
1489 3646 1641 3746 agere
1666 3645 1845 3731 aevom,
1894 3618 1898 3625 ’

401 3776 454 3880 Si
482 3801 653 3880 tamen
679 3781 870 3882 interea
885 3783 1161 3909 mirantur,
1188 3819 1293 3921 qua
1316 3782 1509 3883 ratione

403 3951 642 4094 Quaeque
668 3958 776 4094 geri
801 3958 1011 4096 possint,
1038 3949 1323 4098 praesertim
1348 3951 1500 4057 rebus
1524 3957 1578 4057 in
1602 3957 1702 4059 illis

260 4130 265 4141 ’
404 4127 538 4251 Quae
565 4165 749 4267 supera
773 4154 929 4268 caput
952 4128 1173 4234 aetheriis
1197 4136 1475 4234 cernuntur
1498 4131 1552 4231 in
1576 4132 1694 4254 oris,

334 4395 337 4402 .
403 4303 601 4409 Rursus
620 4305 673 4406 in
699 4305 934 4447 antiquas
958 4303 1251 4407 referuntur
1273 4305 1578 4443 relligiones,

404 4477 475 4582 Et
499 4479 728 4581 dominos
753 4480 909 4582 acreis
934 4479 1235 4603 adsciscunt,
1259 4481 1429 4580 omnia
1452 4516 1618 4620 posse.

406 4640 742 4776 Quos'miseri
771 4654 1002 4776 credunt,
1026 4657 1188 4794 ignari
1217 4655 1343 4796 quid
1370 4677 1526 4794 queat
1550 4694 1672 4778 esse,

406 4823 550 4950 Quid
576 4850 828 4967 nequeat3
864 4826 1009 4930 finita
1033 4851 1254 4967 potestas
1279 4830 1505 4967 denique
1530 4833 1757 4970 quoique

408 4999 645 5123 Quanam
671 5002 736 5105 sit
759 5002 970 5125 ratione,
996 5027 1150 5144 atque
1176 5004 1275 5106 alte
1300 5003 1549 5108 terminus
1574 4987 1801 5142 haerens:

326 5291 328 5296 ,
408 5171 526 5299 Quo
552 5176 714 5319 magis
738 5200 964 5284 errantes
984 5202 1094 5287 tota
1117 5181 1324 5323 regione
1348 5176 1600 5286 feruntur.
