4598 6112
741 533 746 541 '
813 523 1087 618 LIBER
1146 521 1503 618 PRIMUS.
1849 507 1918 607 95

414 785 624 893 Infinita
648 789 1014 928 aetas'ariteacti
1040 789 1285 926 temporis
1309 783 1473 886 omnis

294 994 297 1003 '
414 960 570 1083 Quod
592 963 828 1103 fregisset
851 961 1046 1086 adhuc,
1064 962 1374 1082 disturbans,
1402 958 1804 1098 dissolvensque,

322 1167 323 1176 ‘
413 1136 927 1279 Nunquamreliqiio
951 1142 1176 1280 reparari
1201 1163 1432 1278 tempore
1455 1159 1649 1279 posset:

410 1313 483 1415 At
507 1328 645 1418 nnnc
671 1315 913 1416 nimirum
933 1315 1209 1455 ¹frangendi
1228 1314 1429 1415 reddita
1454 1312 1570 1413 finis
1693 1374 1696 1380 ,

412 1489 566 1590 Certa
590 1509 782 1615 manet3
811 1492 1054 1630 qnoniam
1079 1491 1219 1594 refici
1238 1528 1347 1591 rem
1372 1503 1633 1629 quamque
1658 1483 1908 1607 videmus,
2071 1612 2074 1618 Ι

412 1662 482 1766 Et
507 1658 651 1769 finita
676 1668 826 1768 simul
852 1668 1134 1806 generatim
1158 1687 1392 1803 tempora
1414 1661 1569 1765 rebus

410 1835 572 1959 Stare,
602 1839 792 1979 quibus
815 1843 1014 1978 possint
1038 1841 1132 1943 aevi
1157 1843 1453 1980 contingere
1477 1844 1684 1944 florem,

481 2012 603 2116 Huc
627 2015 837 2138 accedit,
865 2017 939 2117 nti
967 2015 1268 2117 solidissima
1293 2017 1523 2124 materiai

411 2186 641 2327 Corpora
665 2227 782 2291 cnm
808 2211 1058 2310 constant,
1084 2190 1279 2327 possint
1308 2213 1479 2292 tamen
1506 2191 1677 2293 omnia
1700 2189 1847 2293 reddi

266 2451 268 2456 ⁴
408 2360 607 2488 Mollia,
635 2404 755 2506 qnae
779 2367 922 2487 fiant,
949 2369 1052 2488 aer,
1072 2384 1224 2507 aqna,
1249 2390 1405 2490 terra,
1427 2354 1656 2507 vapores,

331 2686 334 2692 Ι
409 2539 529 2661 Quo
553 2567 704 2681 pacto
729 2544 873 2666 fiant,
898 2560 1082 2682 etqua
1104 2544 1153 2646 vi
1179 2557 1397 2684 cunque*
1410 2566 1681 2683 genantur,
1717 2594 1720 2601 ¹
1832 2554 1835 2560 ’

403 2717 697 2829 Admistum
724 2721 967 2859 qnoniam
994 2721 1149 2823 semel
1174 2744 1250 2823 est
1274 2722 1328 2822 in
1352 2720 1506 2823 rebus
1530 2724 1698 2824 inane.
1748 2810 1752 2821 .

403 2894 476 2994 At
500 2917 691 3014 contra,
718 2896 759 2995 'si
785 2895 958 3001 mollia
984 2895 1084 2997 sint
1101 2895 1382 3035 primordia
1397 2918 1595 3020 retum,

405 3067 560 3172 Unde
587 3093 782 3209 queant
804 3070 960 3173 validi
986 3071 1165 3192 silices,
1192 3070 1690 3212 ferrumquecreari,

405 3241 531 3347 Non
556 3245 747 3384 poterit
770 3245 900 3347 ratio
925 3243 1102 3351 reddi:
1142 3263 1261 3348 nam
1286 3245 1519 3351 funditus
1545 3248 1708 3351 omnis

403 3417 672 3559 Principio·
689 3420 1010 3525 fundamenti
1036 3440 1221 3524 natura
1242 3420 1450 3526 carebit.

402 3590 536 3695 Sunt
560 3596 718 3733 igitur
743 3594 904 3695 solida
920 3596 1167 3733 pollentia
1192 3595 1530 3734 simplicitate,

403 3768 639 3890 Quorum
664 3769 919 3873 condenso
945 3771 1107 3908 magis
1130 3771 1297 3875 omnia
1325 3772 1592 3872 conciliatu

398 3945 599 4044 Arctari
625 3967 856 4082 possunt,
882 3947 1178 4087 validasque
1203 3945 1469 4050 ostendere
1493 3946 1682 4049 vireis'
1798 4053 1802 4060 ,

469 4118 710 4259 Denique
721 4118 831 4257 jam
859 4125 1101 4259 qnoniam
1127 4121 1408 4259 generatim
1433 4118 1637 4224 reddita
1660 4119 1776 4222 finis

400 4292 673 4397 Crescendi
699 4293 858 4415 rebus,
876 4317 1088 4416 constat,
1113 4298 1374 4434 vitamque
1399 4293 1597 4415 tuendi,
1765 4371 1768 4377 .
1918 4382 1921 4390 .

399 4469 467 4574 Et
493 4473 618 4612 qnid
647 4510 869 4613 qnaeque
896 4486 1090 4613 queant
1113 4510 1208 4611 per
1231 4469 1424 4613 foedera
1447 4475 1665 4592 naturai,

361 4645 993 4790 ,Qnidporro'neqneant
1004 4649 1251 4751 sancitum
1266 4642 1689 4786 quandoquidem
1704 4664 1892 4771 exstat3
1946 4773 1948 4777 Ι

398 4793 511 4929 Nec
537 4834 879 4931 commutatur
904 4823 1207 4965 quidquam,
1236 4823 1364 4960 quin
1389 4820 1559 4922 omnia
1582 4837 1815 4921 constant
1952 4869 1958 4895 .
2095 4871 2099 4878 ⁵

311 5093 315 5100 .
395 4998 578 5141 Usque
602 5001 747 5122 adeo,
772 5002 926 5111 variae
950 4997 1179 5100 volucres
1204 4996 1341 5097 utin
1367 4977 1545 5097 ordine
1571 5017 1770 5099 cunctae

398 5174 690 5279 Ostendant
714 5175 936 5285 maculas
962 5171 1243 5316 'generaleis
1267 5172 1470 5312 corpori
1493 5151 1680 5300 inesse,

967 5388 974 5395 .
1009 5367 1012 5391 ι’
1184 5359 1204 5404 Ι
