4598 6112
813 528 1087 627 arnna
1151 532 1558 673 Qurnrus.
1810 531 1911 623 ara

415 791 543 893 Inde
559 796 690 895 coire
711 797 922 935 globum
943 795 1088 934 quasi
1106 794 1160 894 in
1181 779 1357 908 unum,
1379 814 1431 892 et
1450 791 1695 893 conficere
1714 792 1907 896 orbem.

487 967 539 1069 N
544 1009 601 1070 ec
626 992 795 1071 tamen
821 970 950 1072 ittud
976 968 1133 1127 inhis
1153 967 1304 1069 rebus
1330 964 1559 1068 mirabile
1585 963 1740 1066 debet

343 1126 357 1151 ⁹
405 1141 556 1263 Esse,
586 1146 724 1284 quod
752 1144 862 1247 haec
889 1147 1020 1283 ignis
1044 1165 1149 1244 tam
1174 1166 1312 1244 certo
1337 1165 1566 1280 tempore
1585 1143 1782 1279 possint

417 1316 622 1420 Semina
647 1322 920 1440 confluere,
948 1343 999 1421 et
1024 1320 1141 1447 solis
1166 1355 1401 1455 reparare
1426 1319 1659 1420 nitorem.
1717 1384 1724 1399 ·
1871 1315 1875 1322 ’

416 1489 588 1592 Multa
611 1494 841 1595 videmus
867 1495 1020 1614 eni-m,
1048 1515 1185 1594 certo
1211 1516 1581 1631 quae.tempore
1607 1493 1740 1593 fiunt

418 1670 674 1772 Omnibus
700 1674 761 1776 in,
778 1671 959 1774 rebus:
999 1673 1275 1772 florescunt
1298 1694 1525 1808 tempore
1552 1693 1691 1771 certo

327 1856 331 1861 ’
415 1848 656 1969 Arbusta,
683 1872 735 1950 et
760 1873 897 1950 certo
923 1849 1189 1949 dimittunt
1215 1870 1441 1983 ternpore
1460 1847 1653 1947 florem.

420 2018 534 2123 Neo
560 2023 727 2122 miuus
752 2023 804 2122 in
833 2043 968 2124 certo
994 2021 1191 2121 denteis'
1214 2020 1394 2121 cadere
1420 2022 1637 2159 imperat
1661 2042 1782 2122 aetas

414 2193 685 2334 Tempore,
714 2219 767 2296 et
791 2196 1053 2334 impubem
1080 2195 1219 2295 molli
1245 2192 1523 2332 pubescere
1547 2216 1702 2316 veste,

260 2481 265 2498 .
419 2369 488 2471 Et
512 2373 702 2509 pariter
727 2372 930 2472 mollem
957 2371 1101 2471 malis
1126 2369 1392 2470 demittere
1418 2368 1646 2472 barbam.

419 2545 652 2646 Fulmina
678 2569 949 2685 postremo,
976 2547 1083 2666 nix,
1108 2545 1311 2668 imbres,
1338 2543 1531 2669 nubila,
1558 2545 1720 2666 venti,¹
1820 2648 1835 2688 φ

421 2720 543 2823 Non
570 2723 717 2822 nimis
742 2725 945 2824 incertis
971 2723 1102 2824 fiunt
1129 2718 1437 2858 inpartibus
1463 2722 1598 2823 anui.

421 2894 663 3036 Namque
689 2899 779 2998 ubi
804 2899 873 2998 sic
898 2898 1105 2999 fuerunt
1130 2884 1393 2997 causarum
1419 2898 1627 2999 exordia
1652 2901 1831 3037 prima,
1920 2975 1922 2979 -

419 3070 597 3209 Atque
623 3073 697 3172 ita
721 3110 801 3172 res
826 3050 1004 3173 mundi
1031 3072 1256 3174 cecidere
1282 3071 1568 3209 aborigine
1592 3077 1774 3210 prima,

422 3242 697 3388 Consequq
717 3253 899 3349 natura
923 3273 998 3348 est
1014 3248 1126 3387 jam
1148 3282 1318 3346 rerum
1344 3283 1407 3344 ex
1434 3248 1611 3349 ordine
1637 3275 1790 3354 certo,

492 3391 742 3525 Crescerd·
755 3425 981 3563 itemque
1009 3424 1116 3523 dies
1141 3421 1277 3542 licet,
1303 3443 1356 3520 et
1377 3420 1635 3526 tabescere
1659 3430 1866 3550 nocteis,
1895 3533 1899 3541 ,

424 3599 495 3731 ΕῐΙ
515 3602 674 3729 minui
699 3575 852 3720 luces,
880 3637 1037 3737 quom
1063 3616 1264 3697 sumant
1290 3598 1530 3734 augmina
1555 3596 1756 3726 nocies3

418 3776 527 3877 Aut
552 3777 674 3915 quia
700 3776 773 3876 sol
796 3775 933 3931 idem
959 3772 1054 3873 sub
1079 3796 1253 3891 terras,
1282 3793 1438 3910 atque
1464 3810 1699 3911 superne,
1726 3762 1734 3775 ’

422 3946 712 4087 imparibus
739 3985 945 4049 currens
970 3945 1279 4049 anfractibus
1300 3946 1504 4101 aetheris
1527 3988 1640 4050 oras

421 4124 600 4244 Partit,
628 4125 755 4225 etin
781 4124 969 4262 parteis
996 4160 1095 4222 non
1125 4158 1301 4265 aequas
1328 4126 1509 4226 dividit
1533 4127 1740 4254 orbem3

421 4297 492 4401 Et
516 4299 655 4439 quod
682 4297 745 4398 ab
772 4299 1015 4398 alterutra
1039 4298 1260 4400 detraxit
1284 4325 1445 4439 parte,
1473 4307 1674 4440 reponit

421 4471 548 4612 Ejus
573 4477 623 4574 in
652 4470 1026 4576 adversa'tanto
1051 4474 1169 4610 plus
1193 4501 1345 4617 parte·
1360 4480 1565 4599 relatus,
1600 4592 1603 4597 ,

420 4646 677 4752 Donicum
702 4649 768 4750 ad
794 4650 843 4749 id
873 4651 1076 4787 signum
1102 4653 1209 4751 coeli
1238 4614 1486 4790 pervenit,
1513 4656 1604 4758 ubi
1630 4658 1750 4757 anni

421 4823 608 4927 Nodus
634 4849 903 4944 nocturnas
929 4851 1168 4964 exaequat
1188 4828 1386 4930 lucibus
1414 4798 1635 4932 umbras.

251 5087 255 5096 .
389 5111 391 5115 y
422 4999 561 5102 Nam
587 5001 754 5101 medio
779 4990 927 5102 cursu
954 5003 1105 5101 flatus
1130 5001 1398 5138 aquilonis,
1419 5026 1471 5104 et
1495 5004 1669 5128 austri,

421 5171 649 5276 Distinet
673 5196 878 5316 aequato
903 5176 1093 5277 coelum·
1110 5174 1398 5311 discrimine
1424 5163 1604 5304 metas,
