4598 6112
651 604 659 621 .
791 524 1070 616 LIBER
1133 520 1529 616 PRIMUS..
1779 520 1894 630 a?

396 762 609 906 Quippe
634 761 727 865 ubi
753 760 980 863 dimidiae
1005 758 1165 897 partis
1190 794 1308 896 pars
1334 795 1534 898 semper
1550 757 1765 864 habebit

396 938 680 1051 Dimidiam
705 959 922 1079 partem,
950 974 1042 1037 nec
1063 973 1142 1037 res
1167 933 1406 1073 perfiniet
1429 937 1576 1039 ulla·

398 1116 537 1258 Ergo
557 1115 881 1219 rerumintcr
901 1149 1165 1233 summam,
1185 1110 1568 1253 minimamque,
1590 1115 1715 1255 quid
1736 1117 1892 1221 escit!

398 1291 521 1396 Non
550 1293 646 1393 erit
668 1312 731 1391 ut
755 1288 973 1389 distent:
1003 1325 1137 1407 nam,
1166 1287 1398 1426 quamvis
1422 1288 1656 1392 funditus
1681 1294 1845 1393 omnis

398 1469 611 1572 Summa
636 1466 702 1567 sit
725 1463 942 1584 infinita,
969 1486 1157 1583 tamen,
1183 1432 1479 1602 parvissima
1505 1502 1624 1604 quae
1651 1487 1788 1587 sunt,
1853 1493 1857 1500 ’

399 1644 481 1747 Ex
506 1643 719 1746 infinitis
744 1638 1057 1742 constabunt.
1068 1638 1300 1777 partibus
1327 1679 1491 1780 aeque.

400 1820 535 1943 Quoi
565 1818 809 1960 quoniam
835 1817 964 1917 ratio
988 1815 1229 1916 reclamat
1253 1853 1387 1939 vera,
1406 1838 1667 1956 negatque

400 1995 623 2099 Credere
648 2030 794 2131 posse
815 1990 1058 2111 animum,
1085 1989 1248 2091 victus
1266 1989 1455 2092 fateare
1479 2029 1682 2093 necesse
1707 2018 1799 2118 est,

400 2175 526 2280 Esse
552 2212 613 2274 ea
638 2209 756 2311 quae
782 2167 938 2269 nullis
956 2164 1065 2304 jam
1091 2163 1310 2303 praedita
1332 2166 1566 2304 partibus
1583 2192 1808 2306 exstent,

399 2350 471 2455 Et
495 2348 962 2493 minima-constent
985 2362 1183 2442 natura,
1258 2339 1391 2462 Quae
1418 2343 1660 2481 quoniam
1687 2368 1822 2468 sunt,

383 2527 497 2635 ·Illa
522 2561 730 2668 quoque
756 2559 862 2622 esse
886 2514 981 2619 tibi
1006 2517 1183 2638 solida,
1211 2516 1366 2657 atque
1386 2538 1592 2640 aeterna,
1613 2518 1894 2633 fatendum.
1952 2619 1956 2624 .

469 2702 731 2842 Denique,
756 2698 811 2800 ni
837 2693 1069 2797 minimas
1094 2692 1148 2791 in
1172 2692 1362 2833 parteis
1385 2706 1570 2796 cuncta
1592 2697 1774 2799 resolvi

401 2878 599 3021 Cogere
616 2875 912 2979 consuesset
935 2906 1104 2970 rernm
1132 2889 1313 2969 natura
1337 2871 1572 2992 creatrix,

282 3117 288 3120 -
397 3054 431 3159 J
435 3093 518 3156 am
543 3049 673 3154 nihil
698 3088 763 3150 ex
787 3046 887 3147 illis
908 3046 1089 3146 'eadem
1111 3083 1345 3184 reparare
1370 3041 1589 3149 valeret:

400 3227 681 3368 Propterea
706 3221 846 3362 quia,
872 3257 990 3359 quae
1016 3220 1189 3322 multis
1214 3244 1334 3321 sunt
1357 3221 1590 3360 partibus
1616 3248 1780 3348 aucta,

401 3403 525 3512 Non
549 3422 765 3543 possunt
788 3437 863 3521 ea,
891 3435 1010 3537 qnae
1036 3395 1190 3498 debet
1213 3397 1449 3537 genitalis
1475 3396 1663 3502 habere

400 3580 661 3700 Materiae,
687 3573 851 3678 varios
876 3609 1151 3692 connexus,
1177 3571 1637 3715 pondera,.plagas,

404 3756 708 3874 Concursus,
736 3772 1038 3886 motus,·per
1063 3714 1184 3885 qum
1206 3758 1534 3889 resquaeque
1559 3777 1824 3891 geruntur.

471 3931 648 4049 Porro,
676 3929 716 4028 si
743 3924 885 4028 nulla
910 3945 986 4024 est
1010 3920 1305 4060 frangendis
1330 3924 1531 4046 reddita
1554 3925 1671 4029 finis

403 4104 734 4247 Corporibus,
761 4123 932 4202 tamen
958 4137 1023 4199 ex
1048 4119 1241 4199 aeterno
1264 4104 1492 4238 tempore
1519 4102 1760 4240 quasdam

405 4283 562 4388 Nunc
588 4282 740 4383 etiam
766 4310 1004 4414 superare
1030 4308 1233 4374 neeesse
1249 4294 1327 4373 est
1350 4311 1563 4414 corpora
1586 4275 1765 4402 rebus,

386 4460 536 4584 ,Quae
563 4456 792 4561 nondum
810 4453 1015 4554 clueant
1037 4444 1150 4545 ullo
1167 4466 1366 4549 tentata
1378 4448 1615 4585 'periclor

401 4637 474 4756 At
492 4633 738 4775 qnoniam.
758 4625 929 4767 fragili
953 4643 1137 4726 natura
1159 4622 1385 4760 praedita
1403 4648 1661 4749 constant,

403 4811 677 4950 Discrepat
700 4827 948 4908 aeternnm
962 4821 1183 4935 tempus
1202 4798 1437 4936 potuisse
1452 4836 1662 4901 manere·
1770 4890 1773 4897 .

404 4977 876 5096 Innumerabilibus
897 4973 1065 5116 plagis
1089 4993 1273 5075 vexata
1295 5010 1390 5113 per
1414 5011 1601 5080 aevom.
