4598 6112
748 481 1020 574 LIBER
1081 481 1505 577 QUARTUS.
1809 476 1908 594 167

404 738 644 878 Corporis
670 739 837 842 offecti
864 781 1038 845 sensus
1063 783 1158 884 per
1181 743 1410 846 membra
1437 747 1726 884 quiescunt,

401 914 455 1016 N
459 955 515 1016 ec
540 941 753 1055 possunt
777 919 960 1021 falsum
985 921 1116 1020 veris
1142 921 1438 1023 convincere
1465 919 1633 1021 rebus
1758 990 1761 995 ·

401 1087 671 1213 Praeterea,
699 1094 984 1195 meminisse
1001 1095 1155 1232 jacet,
1182 1098 1499 1235 languetque
1527 1132 1729 1232 sopore,

401 1263 454 1366 N
460 1304 516 1367 ec
543 1268 790 1389 dissentit,
819 1307 937 1380 cum
962 1274 1142 1372 mortis
1166 1270 1397 1410 lethique
1423 1269 1643 1406 potitum

397 1437 430 1540 J
436 1443 733 1580 ampridem,
762 1481 916 1582 quem
942 1483 1083 1548 mens
1107 1447 1278 1547 vivum
1304 1484 1354 1544 se
1382 1480 1588 1544 cernere
1616 1442 1792 1544 credit.

471 1615 624 1736 Quod
653 1643 898 1758 superest,
927 1659 1029 1720 non
1055 1642 1132 1720 est
1157 1620 1341 1719 mirum
1369 1616 1635 1719 simulacra
1660 1618 1864 1738 moveri,

400 1789 723 1933 Brachioque
747 1795 798 1894 in
827 1832 1097 1894 numerum
1115 1791 1324 1927 jactare,
1359 1813 1411 1890 et
1435 1813 1618 1890 caetera
1642 1790 1898 1894 membra:

400 1963 539 2066 Nam
564 1966 639 2085 fit,
667 1968 802 2071 utin
830 1968 1015 2068 somnis
1043 1968 1207 2067 facere
1233 1962 1330 2065 hoc
1347 1962 1582 2064 videatur
1607 1963 1812 2100 imngn„

402 2134 629 2276 Quippe,
656 2139 746 2242 ubi
773 2143 935 2279 prima
960 2143 1110 2279 perit,
1138 2140 1341 2278 alioque
1368 2160 1444 2238 est
1469 2139 1625 2238 altera
1643 2161 1762 2239 nata

400 2309 550 2413 Eudo
577 2337 729 2436 statu,
754 2317 895 2453 prior
921 2312 1029 2415 haec
1055 2337 1256 2453 gestum
1282 2317 1501 2414 mutdsse
1527 2312 1730 2413 videtur
1744 2355 1759 2437 ;

401 2484 604 2588 Scilicet
627 2489 680 2589 id
707 2490 816 2591 fieri
842 2488 994 2589 celeri
1019 2489 1212 2589 ratione
1238 2488 1527 2627 putandum
1554 2510 1646 2589 est.

470 2657 823 2801 Multaqucin
847 2658 927 2761 his
952 2658 1103 2763 rebus
1130 2684 1448 2799 quaeruntur,
1469 2663 1733 2799 multaque
1752 2659 1899 2761 nobis

400 2830 714 2937 Clarandum
737 2859 830 2956 est,
856 2835 1008 2974 plane
1033 2835 1074 2934 si
1100 2871 1178 2935 res
1203 2872 1458 2971 exponere
1484 2872 1702 2937 avemus.

470 3005 736 3127 Quaeritur
760 3013 813 3109 in
839 3014 1033 3148 primis,
1056 3050 1235 3152 quare,
1264 3012 1403 3152 quod
1432 3011 1658 3148 quoique
1687 3007 1846 3173 lilrido

397 3179 627 3303 Venerit,
654 3184 913 3324 extemplo
937 3225 1081 3287 mens
1108 3189 1297 3323 cogitet
1321 3184 1429 3322 ejus
1453 3183 1508 3285 id
1532 3183 1723 3321 ipsum..

397 3357 548 3458 Anne
573 3359 887 3460 voluntatem
912 3384 1134 3463 nostram
1161 3361 1428 3465 simulacra
1445 3358 1687 3457 tuentur?

399 3530 470 3632 Et
493 3534 720 3634 simulac
743 3535 994 3656 volumus,
1021 3535 1168 3636 nobis
1193 3534 1413 3635 occurrit
1437 3533 1639 3667 imagol

336 3768 342 3791 =
399 3704 453 3805 Si
481 3745 633 3826 mare,
661 3709 701 3807 si
727 3731 913 3809 terram
939 3711 1079 3811 cordi
1105 3733 1199 3831 est,
1224 3711 1266 3810 si
1292 3709 1515 3861 denique
1540 3706 1739 3826 coelum,
1875 3706 1877 3711 ’

400 3875 692 3981 Conventus
718 3878 1000 4003 hominum,
1023 3920 1282 4021 pompam,
1302 3881 1543 4000 convivia,
1565 3918 1784 4017 pugnas

398 4047 589 4153 Omnia
613 4053 707 4153 suh
734 4041 955 4157 verbone
980 4081 1118 4159 creat
1142 4080 1341 4176 natura,
1365 4059 1652 4194 paratque?

400 4225 572 4349 Quom
597 4234 878 4373 prsesertim
904 4231 1013 4330 aliis
1039 4230 1217 4331 eadem
1235 4233 1287 4329 in
1311 4232 1517 4367 regione
1536 4231 1753 4369 locoque

469 4576 610 4700 Quid
628 4620 797 4719 porr0,
811 4585 864 4682 in
879 4619 1148 4686 numerum
1163 4581 1437 4720 procedere
1455 4617 1610 4718 quom
1631 4577 1895 4680 simulacra

398 4753 668 4861 Cernimus
692 4757 745 4856 in
773 4757 976 4874 somnis,
1001 4777 1053 4854 et
1078 4757 1251 4857 mollia
1268 4748 1495 4857 membra
1512 4791 1730 4873 movere,

397 4924 579 5028 Mollia
604 4906 1037 5068 mobiliter'quom
1064 4930 1270 5030 alteruis
1295 4923 1500 5026 brachia
1524 4925 1754 5048 mittunt,

397 5097 468 5202 Et
491 5126 733 5242 repetunt
756 5105 914 5207 oculis
937 5127 1141 5243 gestum
1165 5103 1297 5244 pede
1323 5100 1674 5227 convenienti3
