4620 6106
487 461 586 570 na
807 460 865 560 n
935 458 1367 591 Lucnurn
1433 458 1646 551 canl

482 719 703 821 Tantulo
728 719 867 857 quod
894 741 1090 819 tautum
1118 756 1300 856 corpus
1325 721 1623 857 corpuscula
1646 717 1842 856 possint

486 894 855 1034 Contorquere,
882 916 933 992 et
956 931 1084 993 onus
1108 915 1272 993 toturn
1300 917 1589 996 convertere
1615 915 1860 995 nostrum.

392 1059 399 1074 x
485 1066 692 1206 Quippe
719 1070 904 1170 etenim
930 1090 1109 1167 ventus
1136 1064 1308 1166 subtili
1336 1102 1543 1204 corpore
1568 1069 1736 1170 tenuis
1864 1147 1869 1155 .

481 1241 669 1344 Trudit
693 1280 847 1379 agens
873 1280 1107 1379 magnam
1134 1278 1317 1379 magno
1343 1243 1600 1344 molimine
1620 1243 1818 1368 navim3

483 1415 553 1517 Et
576 1455 754 1517 manus
781 1455 882 1516 nna
906 1417 1038 1554 regit
1064 1417 1330 1555 quantovis
1355 1417 1545 1556 impete
1571 1441 1806 1519 euntem:

479 1595 654 1733 Atque
679 1591 1045 1732 gubernaclum
1073 1613 1375 1729 contorquet
1400 1593 1631 1732 quolibet
1654 1630 1830 1694 unum.

481 1763 756 1906 Multaque
780 1805 874 1904 per
898 1766 1146 1874 trochleas
1172 1789 1222 1867 et
1246 1787 1491 1904 tympana
1517 1769 1744 1905 pondere
1772 1805 1959 1906 magno

482 1939 794 2062 Commouet,
822 1964 975 2081 atque
1001 1943 1097 2042 levi
1123 1941 1339 2043 sustollit
1365 1942 1595 2044 machina
1623 1945 1751 2045 nisu.

540 2115 993 2256 Nuncquibusille
1008 2118 1169 2216 modis
1185 2154 1492 2255 somnusper
1508 2118 1968 2258 membraquietem

479 2288 693 2431 inriget,
721 2316 875 2432 atque
902 2293 1056 2392 animi
1082 2330 1226 2392 curas
1252 2331 1279 2391 e
1304 2316 1507 2430 pectore
1535 2294 1709 2412 solvat,

478 2464 758 2569 suavidicis
783 2468 954 2604 potius
980 2504 1135 2604 quam
1160 2467 1332 2567 multis
1357 2466 1584 2588 versibus
1609 2467 1788 2591 edam3

478 2639 671 2747 Parvus
697 2666 756 2742 ut
781 2664 856 2741 est
881 2643 1026 2780 cycni
1052 2643 1230 2741 melior
1255 2680 1423 2762 canor,
1450 2642 1534 2743 ille
1561 2680 1748 2780 gruum
1776 2679 1931 2783 quam

479 2814 684 2918 Clamor
709 2819 761 2915 in
788 2814 1006 2917 aetheriis
1033 2816 1291 2954 dispersus
1314 2816 1539 2918 nubibus
1564 2819 1736 2921 austri.

473 2987 553 3090 Tu
581 2989 703 3090 mihi
732 2990 797 3091 da
822 2991 1015 3090 tenueis
1041 2993 1221 3112 aureis,
1250 2993 1579 3132 animumque
1606 3031 1878 3130 sagacem.

477 3163 561 3267 Ne
588 3167 697 3266 fieri
724 3164 918 3302 negites
944 3201 1061 3301 quae
1087 3163 1249 3264 dicam
1276 3205 1451 3302 posse3
1490 3189 1729 3304 retroque

472 3338 609 3441 Vera
633 3338 908 3479 repulsanti
937 3338 1163 3438 discedas
1188 3364 1393 3476 pectore
1413 3340 1547 3442 dicta
1562 3383 1577 3456 ¹t

472 3510 712 3615 Tutemet
735 3516 787 3613 in
813 3513 966 3651 culpa
991 3550 1145 3650 quom
1172 3516 1253 3635 sis,
1273 3555 1337 3615 ne
1364 3555 1569 3617 cernere
1593 3516 1769 3654 possis.

543 3687 802 3826 Principio
828 3726 1031 3798 somnus
1056 3690 1132 3812 fit,
1159 3690 1250 3800 ubi
1276 3715 1351 3792 est
1377 3693 1614 3792 distracta
1638 3730 1733 3829 per
1756 3714 1896 3792 artus

472 3862 564 3964 Vis
590 3867 787 3982 animae,
813 3864 1102 4001 partimque
1128 3867 1259 3975 foras
1286 3867 1446 4005 ejecta
1469 3867 1689 3985 recessit,

456 4018 542 4138 'Et
567 4039 747 4176 partim
777 4059 1011 4137 contrusa
1035 4042 1195 4177 magis
1221 4044 1464 4143 concessit
1488 4043 1541 4140 in
1566 4041 1753 4140 altum:

473 4213 833 4316 Dissolvuntur
859 4217 994 4315 enim
1019 4238 1129 4316 turn
1154 4216 1358 4318 demum
1383 4211 1624 4332 membra,
1651 4216 1942 4354 fluuntque.
2040 4275 2047 4296 ·

473 4387 612 4490 Nam
638 4388 851 4488 dubium
878 4429 980 4489 non
1005 4412 1098 4509 est,
1125 4393 1309 4491 animai
1335 4391 1460 4529 quin
1485 4425 1639 4525 opera
1664 4389 1729 4487 sit
1768 4424 1770 4432 ·

316 4556 317 4561 Ν
472 4565 659 4668 Sensus
684 4563 766 4677 hic
793 4566 845 4663 in
871 4562 1033 4685 nobis,
1061 4603 1217 4703 quem
1241 4603 1397 4703 quom
1423 4599 1573 4705 sopor
1596 4561 1812 4698 impedit
1835 4599 1962 4682 esse,

468 4740 602 4843 Tum
628 4738 774 4841 nobis
800 4741 1018 4838 animam
1043 4739 1392 4877 perturbatam
1411 4776 1516 4837 esse
1534 4734 1823 4873 putandum
1848 4759 1943 4856 est,

470 4913 802 5057 Ejectamque
826 4915 975 5037 foras,
1002 4954 1103 5016 non
1129 4953 1360 5039 omnem3
1398 4947 1620 5048 namque
1638 4908 1832 5046 jaceret

468 5089 683 5201 AEterno
708 5114 890 5231 corpus
915 5089 1180 5232 perfusum
1205 5089 1393 5226 frigore
1408 5081 1572 5192 lethi:
