4598 6112
751 522 1022 613 LIBER
1081 519 1481 612 TERTIUS.
1786 517 1884 629 117

393 778 477 881 Ire
502 777 638 882 foras
662 781 880 884 animam
905 781 1210 883 incolumem
1237 778 1301 921 de
1328 818 1537 919 corpore
1562 802 1687 902 toto,

391 951 505 1058 Nec
530 957 674 1094 prius
699 957 763 1058 ad
782 956 1043 1097 jugulum,
1069 979 1122 1056 et
1145 992 1353 1094 superas
1378 956 1647 1058 succedere
1668 957 1881 1084 fauceis,

388 1126 582 1232 Verum
608 1131 823 1234 delicere
849 1135 900 1233 in
928 1154 1065 1233 certa
1089 1129 1297 1270 regione
1322 1130 1569 1258 locatam3

388 1302 464 1408 Ut
488 1345 663 1407 sensus
688 1296 888 1409 alios'in
913 1308 1047 1446 parti
1074 1316 1335 1446 quemque
1360 1343 1452 1407 sua
1476 1308 1570 1408 seit

389 1477 642 1583 Dissolvi:
682 1482 821 1621 quod
849 1485 891 1584 si
915 1483 1212 1631 immortalis
1236 1504 1406 1584 nostra
1431 1482 1563 1585 foret
1587 1523 1747 1608 mens,
1794 1572 1797 1577 .

392 1653 515 1758 Non
533 1658 642 1796 jam
669 1698 721 1760 se
747 1659 966 1760 moriens
992 1655 1195 1759 dissolvi
1220 1681 1648 1796 conquereretur3

390 1819 492 1933 Sed
518 1835 679 1972 magis
704 1836 776 1935 ire
800 1834 951 1953 foras,
971 1856 1266 1973 vestemque
1284 1835 1591 1973 relinquere,
1612 1857 1672 1938 ut
1685 1841 1883 1980 anguis,
1916 1862 1918 1866 ’

392 2005 670 2131 Gauderet,
695 2008 959 2147 praelonga
984 2046 1138 2133 senex
1162 2029 1252 2108 aut
1269 2045 1459 2110 cornua
1481 2046 1675 2123 cervus.

459 2180 704 2325 Denique
730 2222 822 2285 cur
845 2183 1002 2284 animi
1026 2219 1292 2322 nunquam
1317 2219 1461 2284 mens
1478 2184 1848 2326 consiliumque

391 2354 638 2497 Gignitur
661 2359 915 2497 incapite,
936 2380 1026 2460 aut
1043 2357 1278 2496 pedibus,
1291 2357 1591 2460 manibusve
1608 2399 1624 2484 ;
1660 2361 1883 2468 sedunis

291 2550 302 2569 ’
390 2531 627 2655 Sedibus,
653 2557 707 2635 et
730 2536 880 2636 certis
905 2530 1199 2673 regionibus
1224 2533 1387 2634 omnis
1411 2530 1657 2637 inhaeret:
1741 2596 1744 2600 Δ

390 2706 445 2811 Si
470 2748 573 2810 non
598 2732 736 2816 certa
759 2710 869 2813 loca
893 2710 956 2813 ad
983 2686 1295 2823 noscendum
1319 2707 1520 2810 reddita
1544 2710 1773 2859 quoique

390 2881 539 3006 Sunt,
567 2907 619 2988 et
643 2884 734 2987 ubi
759 2885 1013 3026 quidquid
1042 2884 1202 3023 possit
1226 2883 1411 2985 durare
1435 2908 1693 3012 creatum3

264 3061 268 3072 ’
312 3032 329 3059 .
386 3057 565 3200 Atque
588 3062 660 3162 ita
685 3062 999 3163 multimodis
1023 3099 1121 3199 pro
1137 3059 1265 3161 totis
1288 3057 1502 3160 artubus
1525 3096 1651 3182 esse,
1796 3126 1798 3130 -
1931 3062 1938 3073 ’

388 3229 744 3339 Membrorum
767 3260 829 3340 ut
846 3276 1113 3378 nunquam
1132 3233 1340 3336 exsistat
1364 3258 1704 3375 praeposterus
1718 3235 1880 3341 ordo?

388 3407 569 3552 Usque
594 3411 722 3525 adeo
747 3413 980 3552 sequitur
1004 3452 1083 3516 res
1106 3448 1233 3528 rem,
1253 3446 1421 3548 neque
1438 3410 1643 3512 flamma
1657 3413 1815 3513 creari
1829 3414 1883 3515 in

389 3581 711 3690 Fluminibus
737 3589 885 3691 solitu
908 3612 1002 3712 est,
1029 3623 1199 3729 neque
1224 3585 1275 3686 iu
1303 3584 1411 3723 igni
1435 3585 1638 3724 gignier
1663 3587 1821 3727 algor.

458 3759 729 3884 Praeteree,
748 3765 796 3864 si
822 3765 1122 3869 immortalis.
1138 3781 1322 3861 natura
1345 3760 1531 3862 animai
1557 3784 1648 3882 est,

389 3932 458 4038 Et
482 3938 669 4039 sentire
694 3962 864 4077 potest
888 3963 1077 4042 secreta
1102 3978 1133 4039 a
1155 3973 1366 4071 corpore
1390 3958 1593 4062 nostr03
1738 3920 1744 3929 ’

388 4107 636 4253 Quinque
681 4117 769 4251 (ut
790 4115 999 4253 opinor)
1042 4152 1154 4216 eam
1189 4110 1485 4215 faciundum
1527 4137 1606 4221 est
1653 4115 1885 4223 sensibus

529 4310 758 4391 auctam:
1866 4304 1878 4316 ’“

390 4461 503 4566 Nec
529 4466 723 4566 ratione
743 4465 842 4567 alia
866 4487 1065 4567 nosmet
1087 4501 1374 4604 proponere
1397 4464 1545 4569 nobis

387 4635 662 4740 Possumus
686 4639 909 4743 infernas
934 4642 1128 4743 animas
1149 4638 1445 4743 Acherunte
1469 4678 1670 4782 vagare.

289 4812 299 4825 ’
388 4812 616 4918 Pictores
640 4818 831 4956 itaque,
858 4840 911 4918 et
935 4818 1238 4956 scriptorum
1261 4815 1410 4917 saecla
1434 4818 1607 4954 priore

390 4988 474 5093 Sie
499 4992 690 5093 animas
714 4992 1112 5095 introduxerunt
1135 4992 1365 5095 sensibus
1390 5014 1578 5097 auctas.

386 5167 461 5271 At
483 5207 654 5314 neque
680 5207 905 5274 seorsum
929 5171 1080 5296 oculi,
1099 5210 1271 5315 neque
1288 5206 1454 5293 nares,
1471 5206 1565 5275 nec
1578 5175 1760 5277 multus
1771 5166 1885 5313 ipsa
