4598 6112
500 492 596 586 138
820 497 880 585 T.
942 496 1373 589 LUCRETII
1438 497 1650 591 CARI

494 755 776 861 Labrorum
801 779 965 879 tenue,
992 759 1184 860 interea
1208 782 1443 898 perpotet
1466 797 1692 861 amarum
1782 887 1784 892 ³

494 932 733 1038 Absinthl
758 934 975 1055 laticem,
1003 934 1319 1073 deceptaque
1344 972 1447 1034 non
1472 936 1717 1072 capiatur,

496 1105 598 1209 Sed
625 1109 795 1245 potius
819 1109 905 1208 tali
934 1132 1072 1210 tactu
1099 1133 1323 1211 recreata
1345 1109 1596 1234 valescat3

496 1280 701 1421 Sic-ego
728 1322 881 1405 nunc,
910 1286 1150 1423 quoniam
1177 1282 1286 1386 haec
1312 1285 1440 1385 ratio
1458 1285 1766 1425 plerumque
1783 1289 1987 1393 videtur

493 1452 707 1568 Tristior
731 1497 835 1558 esse
862 1457 1051 1596 quibus
1077 1498 1177 1559 non
1206 1483 1281 1560 est
1304 1482 1533 1579 tractata,
1560 1482 1799 1601 retroque

492 1628 690 1771 Volgus
717 1628 956 1733 abhorret
980 1632 1044 1734 ab
1070 1632 1180 1755 hac,
1207 1637 1343 1736 volni
1368 1635 1463 1734 tibi
1489 1634 1861 1775 suaviloquenti

497 1806 735 1907 Carmine
762 1803 928 1908 Pierio
955 1810 1201 1909 rationem
1227 1847 1483 1948 exponere
1510 1830 1749 1930 nostram,

494 1978 564 2082 Et
589 1983 732 2122 quasi
759 2021 947 2091 musaeo
974 1982 1111 2092 dulci
1136 1985 1428 2121 contingere
1453 1983 1621 2103 melle,

495 2155 550 2257 Si
576 2157 669 2257 tibi
694 2156 824 2256 forte
849 2158 1073 2256 animum
1092 2157 1181 2255 tali
1209 2159 1400 2257 ratione
1425 2180 1598 2258 tenere

490 2327 738 2431 Versibus
764 2333 817 2430 in
841 2331 1025 2431 nostris
1049 2367 1263 2468 possem,
1279 2312 1415 2431 durn
1442 2332 1685 2470 perspicis
1710 2371 1910 2446 omnem

493 2498 961 2627 Naturam'rerum,
990 2544 1046 2605 ac
1072 2505 1318 2642 persentis
1338 2505 1625 2606 utilitatem.

562 2679 663 2783 Sed
692 2682 931 2819 quoniam
959 2680 1108 2782 docui
1133 2703 1430 2782 cunctarum
1456 2680 1663 2780 exordia
1688 2720 1858 2784 rerum

493 2850 680 2972 Qualia
705 2855 820 2973 sint,
847 2876 898 2954 et
923 2891 1078 2993 quam
1103 2856 1251 2956 variis
1277 2855 1517 2957 distantia
1540 2853 1713 2968 formis

490 3029 685 3167 Sponte
711 3067 803 3135 sua
824 3029 1037 3129 volitent
1062 3051 1251 3129 aeterno
1276 3031 1468 3168 percita
1492 3054 1650 3149 motu,

491 3198 717 3342 Quoque
743 3203 894 3305 niodo
920 3206 1114 3341 possint
1138 3243 1217 3307 res
1242 3242 1306 3303 ex
1333 3201 1411 3302 his
1437 3241 1659 3343 quaeque
1683 3208 1871 3332 creari;

489 3375 664 3517 Atque
690 3378 840 3477 animi
872 3378 1112 3518 quoniam
1138 3377 1287 3493 docui
1312 3399 1494 3479 natura
1519 3379 1643 3518 quid
1672 3389 1819 3503 esset,
1951 3406 1953 3411 ’

490 3551 560 3657 Et
586 3553 773 3695 quibus
799 3595 826 3658 e
851 3555 1004 3657 rebus
1029 3596 1147 3659 cum
1173 3590 1381 3692 corpore
1407 3556 1553 3691 edpta
1578 3553 1787 3692 vigeret,

491 3727 671 3849 Quove
696 3729 847 3830 modo
873 3729 1111 3832 distracta
1135 3731 1323 3830 rediret
1348 3729 1400 3829 in
1426 3728 1567 3827 ordia
1593 3730 1785 3865 prima:

489 3900 543 4006 N
550 3943 647 4005 unc
663 3942 813 4041 agere
828 3905 1065 4042 incipiam
1085 3904 1197 4024 tibi,
1214 3902 1352 4042 quod
1371 3875 1696 4003 vehementer
1711 3904 1774 4003 ad
1792 3903 1882 4007 has
1896 3944 1976 4010 res

486 4080 703 4200 Attinet,
730 4117 835 4180 esse
863 4119 921 4181 ea
948 4116 1064 4218 quae
1088 4116 1257 4179 rerum
1285 4077 1566 4181 Simulacra
1589 4117 1854 4207 vocamus3

420 4300 426 4311 ·
488 4253 623 4376 Quae
649 4257 793 4396 quasi
820 4254 1127 4357 membranae
1153 4291 1348 4354 summo
1374 4251 1437 4351 de
1464 4289 1672 4389 corpore
1698 4293 1870 4357 rerum

483 4431 729 4572 Dereptae
755 4434 967 4533 volitant
993 4433 1127 4532 ultro
1153 4433 1383 4569 citroque
1409 4466 1501 4566 per
1526 4407 1702 4531 auras:

480 4615 655 4754 Atque
681 4609 859 4711 eadem
885 4607 1032 4709 nobis
1055 4603 1383 4745 vigilantibus
1408 4601 1556 4705 obvia
1579 4607 1792 4707 menteis

476 4787 795 4907 Terrificant,
823 4810 979 4927 atque
1008 4785 1057 4884 in
1085 4782 1287 4902 somnis
1316 4818 1477 4919 quum
1503 4818 1636 4918 saepe
1662 4781 1853 4922 figuras

480 4969 790 5074 Contuimur
814 4968 983 5085 miras,
1012 4961 1380 5101 simulacraque
1406 4956 1519 5058 luce
1546 4978 1824 5081 carentum,

477 5144 609 5272 Quae
635 5187 726 5250 nos
751 5144 985 5250 horrifice
1010 5139 1334 5283 languenteis
1359 5159 1698 5275 saepe'sopore
1843 5276 1852 5283 ἰ
1940 5230 1948 5245 ,
