4598 6112
738 556 1045 649 'LIBER
1108 548 1522 651 QUINTUS.
1816 547 1913 652 199

414 810 724 956 Usqueadeo
750 840 1085 958 properanter
1110 813 1174 916 ab
1201 817 1439 920 omnibus
1466 816 1673 958 ignibus
1698 815 1807 952 ejus

416 984 646 1094 Exitium
671 995 822 1095 celeri
848 994 1099 1094 celeratur
1124 994 1321 1131 origine
1346 996 1581 1094 flammae.

417 1160 499 1264 Sic
526 1166 901 1303 igitur,.s0le1n,
928 1169 1121 1286 lunam,
1149 1169 1420 1307 stellasque
1441 1167 1727 1307 putandum

416 1335 497 1438 Ex
523 1341 621 1443 alio
647 1365 802 1483 atque
828 1344 925 1443 alio
946 1342 1113 1442 lucem
1132 1340 1325 1478 jactare
1353 1342 1582 1463 subortu,

417 1509 486 1612 Et
509 1516 731 1650 primum
759 1514 1015 1656 quidquid
1045 1517 1267 1616 flammai
1285 1518 1498 1654 perdere
1524 1556 1756 1656 semper:

417 1681 735 1793 Inviolabilia
760 1690 869 1794 haec
894 1731 958 1792 ne
985 1690 1159 1791 credas
1184 1691 1314 1794 forte
1335 1696 1524 1833 vigere.

488 1860 730 2005 Denique
757 1906 858 1967 non
883 1865 1079 2006 lapides
1105 1903 1312 2006 quoque
1338 1870 1470 1970 vinci
1496 1872 1657 1970 cernis
1682 1868 1747 1969 ab
1768 1871 1913 1972 aevol

418 2036 541 2140 Non
568 2040 692 2141 altas
718 2043 902 2142 turreis
927 2079 1094 2162 ruere,
1122 2064 1174 2142 et
1199 2068 1490 2181 putrescere
1517 2049 1668 2147 saxal

420 2211 540 2315 Non
569 2215 783 2317 delubra
806 2218 975 2339 dedm,
996 2219 1368 2357 simulacraque
1393 2219 1523 2323 fessa
1546 2221 1740 2322 fatiscil

420 2385 534 2491 Nec
561 2415 792 2494 sanctum
818 2430 1006 2495 numen
1026 2393 1116 2495 fati
1141 2396 1413 2535 protollere
1441 2396 1585 2497 fineis

275 2693 277 2696 y
419 2564 590 2689 Posse,
615 2608 783 2708 neque
810 2571 1052 2673 adversus
1075 2595 1270 2672 naturae
1296 2569 1488 2673 foedera
1511 2572 1638 2689 niti?

420 2741 662 2884 Denique
687 2785 790 2847 non
816 2754 1152 2849 monumenta.
1172 2749 1334 2848 virtim
1362 2747 1557 2889 dilapsa
1580 2747 1813 2847 videmus

422 2915 617 3018 Cedere
643 2958 907 3059 proporro,
935 2922 1207 3061 subitoque
1233 2960 1487 3022 senescere
1514 2924 1664 3022 casui

394 3089 541 3243 ‘Non
569 3131 717 3193 ruere
743 3095 934 3195 avolsos
960 3097 1123 3197 silices
1149 3134 1179 3195 a
1206 3095 1466 3196 montibus
1492 3096 1622 3215 altis,

422 3264 474 3369 N
479 3305 535 3367 ec
561 3268 751 3368 validas
775 3271 869 3369 aevi
893 3270 1042 3370 vireis
1067 3270 1293 3409 perferre
1320 3271 1533 3408 patique

422 3440 609 3542 Finitil
648 3481 816 3582 neque
842 3446 978 3544 enim
1004 3445 1244 3546 caderent
1268 3445 1435 3544 avolsa
1459 3466 1688 3582 repente,

422 3615 503 3718 Ex
530 3618 730 3718 infinito
756 3656 874 3755 quae
899 3641 1129 3757 ternpore
1155 3618 1550 3760 pertolerassent

425 3791 615 3893 Omnia
638 3815 890 3893 tormenta
916 3795 1079 3895 aetatis
1105 3795 1301 3931 privata
1325 3791 1543 3929 fragore.

492 3968 735 4108 Denique
762 3968 872 4106 jam
904 3991 1047 4068 tuere
1086 3965 1182 4068 hoc
1217 3969 1426 4089 circum,
1463 4004 1738 4106 supraque,
1778 3967 1918 4104 quod

560 4183 762 4245 ornnem
876 4220 881 4231 .

424 4322 668 4424 Continet
691 4320 932 4460 amplexu
956 4340 1172 4442 terra1n3
1211 4316 1353 4455 quod
1379 4339 1613 4456 procreat
1637 4355 1700 4418 ex
1727 4354 1782 4416 se

424 4493 615 4595 Omnia
631 4494 796 4634 (quod
814 4494 1025 4633 quidam
1040 4494 1346 4629 memorant)
1362 4493 1647 4632 recipitque
1663 4515 1917 4633 peremta:

420 4669 609 4772 Totum
632 4673 856 4772 nativum
880 4670 1080 4770 mortali
1106 4706 1317 4806 corpore
1337 4688 1561 4770 constat:
1604 4688 1608 4694 '

425 4845 564 4950 Nam
591 4845 937 4985 quodcunque
964 4846 1085 4946 alias
1111 4885 1175 4946 ex
1201 4883 1252 4944 se
1279 4882 1358 4944 res
1384 4864 1540 4980 auget
1565 4843 1779 4982 alitque,

424 5020 670 5124 Deminui
696 5017 865 5140 debet,
885 5020 1101 5120 recreari
1130 5059 1286 5160 quom
1312 5022 1495 5160 recipit
1518 5057 1615 5123 res.

493 5194 763 5318 Praeterea,
791 5196 834 5296 si
860 5195 1002 5296 nulla
1024 5194 1124 5297 fuit
1148 5196 1382 5337 genitalis
1407 5193 1550 5334 origo
