4598 6112
759 513 1029 610 LIBER
1089 414 1488 603 ΤὲΒΤΙῦὃ.
1805 508 1900 604 135

393 768 782 910 'sollicitamque
808 773 942 910 geris
967 808 1103 872 cassa
1127 771 1397 872 formidine
1423 772 1681 872 mentem?

401 946 514 1050 Nec
540 949 761 1085 reperire
787 970 948 1085 poteS,
977 945 1104 1084 quid
1130 948 1195 1046 sit
1219 943 1312 1044 tibi
1340 983 1476 1084 saepe
1503 946 1641 1068 mali,
1672 983 1828 1088 quom

401 1119 589 1222 Ebrius
618 1124 812 1261 urgeris
838 1122 1010 1222 multis
1036 1123 1187 1221 miser
1212 1120 1445 1257 undique
1470 1122 1618 1241 curis,

397 1298 572 1437 Atque
599 1300 754 1398 animi
780 1299 970 1398 incerto
998 1299 1203 1399 fluitans
1229 1336 1397 1397 errore
1422 1296 1651 1432 vagaris?

471 1472 524 1571 Si
552 1493 756 1608 possent
781 1469 1027 1594 homines,
1054 1473 1271 1611 proinde
1297 1510 1354 1571 ac
1381 1472 1565 1570 sentire
1590 1471 1847 1596 videntur,

399 1643 608 1748 Pondus
632 1648 793 1748 inesse
820 1648 1003 1766 anim0,
1032 1644 1170 1783 quod
1199 1683 1249 1744 se
1275 1645 1519 1782 gravitate
1546 1642 1743 1783 fatiget,

400 1817 469 1919 Et
495 1820 685 1959 quibus
710 1821 763 1921 id
790 1821 879 1920 fiat
904 1821 1064 1921 causis
1090 1855 1410 1954 cognoscere,
1435 1840 1489 1931 et
1512 1817 1653 1919 unde
1724 1904 1727 1909 .

396 1991 563 2095 Tanta
588 1995 707 2095 mali
733 2018 978 2132 tanquam
1004 1994 1160 2093 moles
1184 1991 1246 2090 in
1264 2011 1469 2126 pectore
1494 2014 1720 2116 constet3

401 2164 558 2269 Haud
571 2168 647 2267 'ita
669 2168 820 2268 vitam
840 2188 1068 2304 agerent,
1086 2188 1146 2266 ut
1166 2204 1301 2264 nunc
1318 2150 1624 2303 plerumque
1646 2166 1892 2290 videmus

348 2332 350 2336 ὗ
402 2338 546 2482 Quid,
573 2341 666 2441 sibi
695 2343 915 2480 quisque
940 2340 1078 2459 velit,
1095 2338 1312 2459 nescire,
1346 2361 1398 2438 et
1422 2378 1652 2480 quaerere
1680 2379 1894 2481 semper,

402 2513 726 2617 Commutare
752 2515 937 2633 locum,
963 2512 1108 2650 quasi
1133 2551 1261 2613 onus
1288 2513 1541 2652 deponere
1567 2517 1743 2653 possit.
1862 2555 1867 2563 ·

471 2687 595 2789 Exit
619 2725 753 2824 saepe
778 2687 910 2787 foras
936 2685 1132 2823 magnis
1158 2723 1223 2785 ex
1248 2684 1451 2789 aedibus
1471 2689 1575 2809 ille,

400 2860 524 2964 Esse
550 2862 688 2963 domi
714 2899 868 3000 quem
894 2880 1168 2997 pertaesum
1194 2880 1291 2979 est,
1313 2857 1583 2999 subitoque
1610 2863 1818 2963 revertit
1832 2904 1846 2986 ;

403 3033 615 3173 Quippe
640 3035 761 3136 foris
785 3035 946 3137 nihilo
970 3037 1150 3137 melius
1177 3040 1265 3177 qui
1293 3037 1476 3138 sentiat
1500 3074 1624 3139 esse.

471 3208 648 3311 Currit
671 3247 826 3347 agens
850 3248 1062 3311 mannos
1087 3209 1150 3310 ad
1176 3210 1347 3310 villam
1372 3207 1456 3309 hic
1479 3211 1879 3348 praecipitanter,

341 3491 343 3495 ,
399 3385 666 3513 Auxilium
691 3385 837 3485 tectis
864 3387 1009 3523 quasi
1036 3383 1167 3487 ferre
1194 3382 1490 3484 ardentibus
1515 3385 1737 3512 instans3

246 3576 253 3597 ''
402 3559 600 3661 Oscitat
625 3557 901 3695 extemplo,
928 3552 1099 3695 tetigit
1124 3596 1280 3698 quom
1305 3558 1481 3658 limina
1504 3559 1655 3682 villae,
1682 3608 1688 3617 ·

391 3735 507 3835 'A'ut
531 3733 639 3833 abit
663 3735 718 3835 in
744 3771 977 3835 somnum
1003 3735 1185 3872 gravia,
1213 3758 1367 3871 atque
1393 3731 1579 3834 oblivia
1605 3737 1808 3872 quaerit,

400 3909 507 4008 Aut
532 3906 683 4005 etiam
708 3944 989 4042 properans
1014 3903 1194 4006 urbem
1218 3909 1350 4042 petit
1376 3929 1530 4044 atque
1556 3909 1742 4010 revisit.

402 4077 516 4180 Hoc
543 4117 595 4179 se
622 4078 840 4217 quisque
866 4079 1018 4181 modo
1042 4078 1206 4217 fugit:
1246 4105 1317 4201 at,
1342 4119 1497 4219 quem
1515 4085 1719 4204 scilicet,
1741 4108 1800 4186 ut
1818 4085 1893 4205 fit,

402 4254 644 4393 Effugere
670 4252 808 4354 haud
836 4255 968 4411 potis
994 4274 1089 4372 est,
1112 4254 1324 4388 ingratis
1351 4252 1529 4376 haeret,
1555 4279 1606 4355 et
1631 4260 1790 4395 angit,

401 4429 694 4569 Propterea,
722 4428 885 4529 morbi
913 4428 1036 4566 qnia
1060 4466 1263 4529 causam
1289 4467 1392 4528 non
1417 4452 1565 4534 tenet.
1583 4470 1750 4569 aeger3

402 4603 571 4725 Quam
599 4603 730 4705 bene
756 4605 796 4703 si
822 4603 1006 4721 videat,
1036 4602 1161 4739 jam,
1188 4600 1340 4703 rebus
1367 4605 1588 4744 quisque
1615 4606 1802 4706 relictis
1894 4579 1898 4586 ⁸

401 4776 654 4881 Naturam
680 4779 904 4916 primum
930 4774 1130 4876 studeat
1155 4815 1457 4914 cognoscere
1485 4816 1671 4898 rerum,

384 4950 667 5099 'Temporis
687 4950 866 5052 aeterni
891 4949 1148 5088 quoniam,
1176 4987 1279 5048 non
1305 4951 1456 5049 unius
1482 4946 1638 5068 horae,

399 5125 697 5264 Ambigitur
721 5146 896 5247 status,
923 5124 977 5224 in
1004 5161 1108 5263 quo
1134 5123 1198 5225 sit
1222 5123 1519 5225 mortalibus
1544 5124 1711 5226 omnis
