4598 6112
796 555 1069 644 LIBER
1132 552 1538 646 QUINTUS·
1801 553 1901 645 203

401 806 755 950 Disjectosqne
782 811 982 949 redegit
1007 849 1180 949 equos
1200 811 1481 951 junxitque
1507 813 1828 938 trementeis;

400 983 528 1087 Inde
555 1026 703 1088 sunm
728 1026 820 1125 per
845 989 943 1086 iter
967 987 1210 1086 recreavit
1235 1006 1417 1085 cuncta
1441 984 1750 1123 gubernans.

401 1159 620 1280 Scilicet,
647 1184 707 1261 ut
732 1184 923 1261 veteres
952 1156 1165 1296 Grajdm
1192 1160 1417 1259 cecinere
1443 1183 1639 1296 poetaec

401 1332 556 1454 Quod
582 1336 760 1472 procul
785 1374 815 1435 a
837 1373 955 1436 vera
980 1355 1055 1434 est
1080 1333 1235 1433 animi
1260 1335 1453 1432 ratione
1479 1335 1754 1471 repulsum.

345 1592 351 1601 .
399 1507 541 1646 Ignis
567 1510 702 1609 enim
729 1545 967 1647 superare
993 1529 1176 1644 potest,
1204 1504 1296 1605 ubi
1322 1506 1550 1608 materiai
1695 1524 1703 1539 '

399 1679 481 1782 Ex
509 1682 707 1787 infinito
733 1705 851 1782 snnt
876 1656 1087 1819 corpora
1111 1680 1262 1816 plnra
1287 1701 1487 1803 coorta3

397 1856 525 1959 Inde
551 1857 743 1958 cadunt
767 1857 894 1957 vires
920 1855 1093 1992 aliqua
1118 1855 1312 1954 ratione
1339 1855 1556 1974 revictae,

393 2033 503 2134 Aut
526 2054 745 2171 pereunt
769 2067 846 2129 res
872 2051 1066 2129 exustae
1092 2026 1406 2127 torrentibus
1427 2028 1578 2130 auris.

340 2304 348 2319 ,
399 2204 600 2353 Humor
623 2206 744 2304 item
771 2201 1032 2342 quondam
1057 2201 1212 2337 coepit
1236 2236 1482 2336 superare¹
1498 2225 1715 2322 coortus,

396 2375 473 2481 Ut
496 2379 631 2479 fama
656 2400 732 2478 est
754 2375 1032 2496 hominum,
1061 2376 1244 2476 multas
1270 2372 1478 2511 qnando
1497 2373 1672 2476 obruit
1689 2375 1889 2501 urbeis,

399 2550 526 2652 lnde
552 2552 638 2652 ubi
667 2553 738 2653 vis
765 2551 937 2689 aliqua
961 2550 1154 2649 ratione
1180 2583 1353 2648 aversa
1378 2548 1595 2668 recessit,

398 2722 480 2825 Ex
505 2726 704 2861 infinito
729 2725 896 2825 fuerat
921 2758 1246 2860 quaeounque
1274 2741 1459 2839 coorta,
1555 2778 1559 2787 ·
1705 2860 1710 2869 Ι

400 2895 752 2998 Constiterunt
775 2896 978 3016 imbres,
1006 2918 1058 2995 et
1078 2894 1293 2995 flumina
1312 2895 1415 2996 vim
1441 2894 1752 2998 minuerunt.

470 3070 572 3168 Sed
599 3069 787 3208 quibus
814 3071 898 3169 ille
927 3071 1087 3173 modis
1113 3075 1369 3214 conjectus
1396 3073 1625 3173 materiai
1787 3081 1793 3093 '

400 3242 648 3346 Fundam
671 3246 851 3348 coelum
877 3284 934 3346 ae
957 3268 1162 3366 terram,
1189 3246 1438 3384 pontique
1464 3245 1736 3386 profunda,
1779 3229 1782 3237 ⁵
1861 3362 1865 3369 ,

359 3415 363 3422 ’
400 3418 547 3539 Solis,
574 3420 714 3523 lunai
740 3459 935 3540 cursus,
956 3458 1020 3520 ex
1047 3419 1224 3520 ordine
1249 3458 1453 3557 ponam.
1579 3502 1582 3509 .

301 3608 312 3631 ⁴
399 3591 537 3694 Nam
563 3617 696 3694 certe
723 3632 891 3733 neque
918 3595 1125 3695 consilio
1138 3591 1426 3733 ⁸primordia
1450 3632 1621 3697 rerum

398 3764 595 3867 Ordine
622 3807 673 3868 se
699 3806 789 3869 suo
815 3809 1054 3909 qumque,
1082 3770 1247 3908 sagaci
1279 3789 1445 3866 mente
1471 3767 1730 3888 loedrnnt3

398 3937 511 4040 Nec
537 3979 664 4079 quos
691 3980 914 4082 quaeque
940 3945 1123 4046 darent
1147 3965 1313 4044 motus
1337 3941 1579 4080 pepigere
1604 3941 1859 4078 profecto:

398 4111 500 4213 Sed
527 4116 649 4254 quia
673 4118 983 4222 multimodis
1008 4122 1180 4223 multis
1205 4118 1483 4257 primordia
1507 4082 1676 4217 rernm

397 4285 481 4389 Ex
504 4289 702 4390 infinito
718 4291 827 4430 jam
852 4315 1078 4433 tempore
1104 4294 1297 4432 percita
1320 4292 1500 4430 plagis,
1543 4418 1546 4425 y

397 4456 820 4603 Ponderibusqne
848 4469 949 4567 suis
974 4471 1281 4569 consuerunt
1306 4468 1501 4569 concita
1526 4468 1663 4589 ferri,

399 4634 824 4778 Omnimodisque
849 4640 999 4760 coire,
1025 4665 1181 4782 atque
1208 4644 1376 4742 omnia
1400 4668 1705 4781 pertentare,

398 4807 734 4950 Quaecunqne
760 4813 892 4912 inter
917 4852 968 4915 se
994 4840 1200 4953 possent
1225 4855 1492 4954 congressa
1516 4856 1715 4941 ereare3
1763 4836 1793 4859 “’

398 4981 675 5120 Propterea
699 4984 772 5105 fit,
803 4988 876 5085 nti
902 5026 1144 5126 magnum
1170 4989 1372 5126 volgata
1396 5026 1490 5126 per
1515 5027 1676 5092 aevom

399 5153 714 5296 Omnigenos
739 5182 896 5262 coetus
921 5184 974 5263 et
997 5185 1165 5263 motus
1191 5163 1525 5299 experiundo,

1103 5342 1120 5390 2
1132 5348 1152 5387 D
1164 5342 1180 5391 2
