4598 6112
702 531 1027 681 ,mann
1083 526 1514 661 ounarus
1764 529 1861 649 179

370 790 672 929 Blandaque
697 791 935 892 refraenat
960 828 1153 935 morsus
1179 789 1394 892 admista
1420 792 1664 929 voluptas.
1716 926 1719 931 .

440 965 686 1106 Namque
709 967 760 1083 in
788 1005 847 1066 eo
873 1004 987 1103 spes
1013 987 1103 1084 est,
1130 964 1267 1101 unde
1294 989 1369 1065 est
1393 967 1586 1067 ardoris
1611 967 1771 1104 origo,

370 1108 640 1279 Restingui
668 1178 873 1278 quoque
893 1177 1039 1277 posse
1059 1136 1123 1238 ab
1144 1139 1332 1240 eodem‘
1343 1179 1551 1279 corpore
1572 1142 1857 1242 flammam:
1995 1259 1998 1266 Ι

371 1313 526 1443 Quod
547 1316 656 1433 fieri
683 1337 857 1442 eontra
880 1336 1044 1420 totum
1071 1336 1254 1414 natura
1279 1338 1560 1454 repugnat:

367 1486 591 1629 Unaque
617 1527 696 1626 res
722 1486 830 1589 haec
857 1510 948 1609 est,
977 1488 1160 1626 quojus
1188 1526 1341 1626 quam
1367 1489 1536 1627 pluria
1560 1462 1832 1610 habemus,'

367 1661 495 1763 Tam
521 1665 681 1802 magis
706 1654 922 1767 ardesoit
947 1663 1056 1763 dira
1082 1665 1371 1803 cuppedine
1395 1689 1590 1802 peetus

372 1836 510 1938 Nam
537 1839 680 1945 cibus
705 1863 861 1978 atque
887 1836 1072 1938 hu'mor
1098 1838 1335 1940 membris
1355 1841 1639 1984 adsumitur
1663 1841 1816 1961 intus,

372 2012 505 2134 Quae
532 2015 772 2151 quoniam
799 2036 957 2115 certas
982 2038 1195 2150 possunt
1218 2015 1450 2117 obsidere
1475 2011 1680 2154 parteis,
1738 2082 1746 2099 ·
1859 2058 1864 2069 ·

274 2200 282 2215 '
371 2188 485 2290 Hoc
512 2188 656 2290 facile
683 2190 919 2327 expletur
943 2190 1152 2313 laticum
1179 2190 1490 2331 frugumque
1517 2191 1743 2333 cupido}

371 2362 451 2464 Ex
479 2362 694 2463 hominis
720 2404 838 2489 vero
863 2365 1007 2489 facie,
1034 2363 1562 2509 pulchroqueeolore,
1763 2497 1767 2506 ‚

372 2539 464 2642 Nil
492 2542 679 2642 datur
667 2580 719 2641 m
746 2580 928 2680 corpus
953 2566 1142 2683 praeter
1168 2540 1434 2642 simulacra
1458 2539 1734 2701 fruendum

367 2714 581 2836 Tenuia,
609 2755 726 2855 quae
750 2741 901 2819 vento
927 2756 1040 2856 spes
1066 2741 1235 2874 raptat
1259 2754 1395 2855 saepe
1422 2716 1634 2818 misella.

369 2889 446 2994 Ut
471 2891 684 2992 bibere
672 2932 724 2991 m
751 2895 936 3005 somnis
961 2896 1134 2995 sitiens
1161 2931 1317 3032 quom
1343 2872 1544 3030 quaerit,
1573 2914 1625 2991 et
1648 2889 1839 3043 humor

371 3063 493 3187 Non
514 3066 680 3184 datur,
700 3067 963 3168 ardorem
950 3105 1003 3166 m
1023 3064 1260 3169 membris
1282 3068 1373 3206 qui
1394 3067 1651 3204 stinguere
1671 3038 1859 3204 possit3

370 3237 472 3373 Sed
497 3240 705 3369 laticum
732 3241 998 3346 simulacra
1020 3241 1166 3380 petit,
1193 3240 1482 3380 frustraque
1507 3237 1721 3362 laborat,

309 3406 312 3411 ’
370 3412 432 3514 ln
458 3415 731 3554 medioque
750 3393 863 3515 'sirit
886 3417 1103 3517 torrenti
1128 3416 1343 3517 flumirie'
1367 3437 1563 3552 potans.

371 3587 454 3691 Sic
479 3590 532 3689 in
558 3559 726 3697 amore
753 3586 927 3691 Venus
947 3588 1388 3713 simulacrisludit
1411 3590 1672 3709 amanteiS,

368 3761 482 3865 Neo
509 3765 690 3871 satiare
717 3752 916 3904 queunt
941 3763 1218 3903 spectando
1244 3800 1457 3899 corpora
1482 3800 1678 3863 eoram:

369 3937 483 4042 Neo
510 3939 744 4079 manibus
771 3940 1056 4136 quidquam
1082 3938 1267 4039 teneris
1293 3935 1537 4038 abradere
1563 3935 1800 4038 membris

439 4288 680 4427 Denique
707 4328 864 4427 quom
889 4285 1129 4389 membris
1153 4286 1364 4385 conlatis
1388 4287 1513 4385 flore
1541 4286 1782 4388 fruuntur

366 4464 572 4609 AEtatiS,
601 4503 755 4603 quom
772 4463 881 4601 jam
906 4463 1147 4600 praesagit
1170 4460 1358 4598 gaudia
1382 4454 1581 4600 eorpus,

235 4697 238 4706 ·
366 4622 543 4778 Atque
568 4642 621 4740 in
646 4678 707 4739 eo
733 4661 809 4740 est
833 4635 1025 4757 Venus,
1053 4658 1111 4737 ut
1137 4635 1405 4738 muliebria
1431 4661 1663 4739 conserat
1688 4677 1835 4765 arva3

368 4814 623 4957 Adfigunt
647 4814 791 4914 avide
817 4852 1016 4950 corpus,
1036 4813 1373 4952 junguntque
1400 4812 1576 4913 salivas
1756 4860 1776 4883 >-

372 4989 508 5139 Oris,
536 5011 588 5088 et
611 4988 862 5125 inspirant
884 5009 1169 5127 pressantes
1196 4988 1436 5090 dentibus
1461 4960 1583 5111 ora3
1739 4960 1743 4970 Ε

311 5256 316 5275 ,
372 5162 776 5304 Nequidquam:
817 5164 1059 5302 quoniam
1080 5159 1348 5287 nihil,inde
1369 5131 1614 5266 abradere
1633 5189 1862 5304 possunt,

1013 5354 1016 5361 “
1079 5344 1156 5393 2Α2
