4598 6112
391 551 505 663 256
742 560 828 648 Ta
871 549 1304 653 laucuu‘rn·
1343 560 1575 664 'canl

403 788 622 941 Semina,
649 857 805 959 seque
830 819 979 920 simul
1003 857 1118 921 cum
1145 842 1206 920 eu
1230 819 1546 921 commiscuit
1570 821 1708 959 igni}
1744 821 1748 829 ’
1851 827 1889 884 ·÷

401 977 694 1099 insinuatus
719 994 789 1095 ibi
815 1016 993 1094 vortex
1017 1016 1246 1094 versatur
1269 993 1320 1093 in
1346 992 1495 1113 alto‚‘
1598 1023 1601 1028 ’
1882 991 1888 1012 '

403 1166 473 1270 Et
498 1168 672 1270 calidis
697 1168 835 1269 acuit
856 1165 1051 1274 fulmen
1075 1163 1364 1266 fornacibus
1388 1167 1527 1269 intus
1546 1208 1577 1268 ε,

404 1340 541 1445 Nam
570 1340 977 1479 dupliciratione
1003 1340 1312 1459 accenditur,
1336 1339 1446 1477 ipse
1473 1367 1562 1442 'sua
1587 1376 1706 1440 uam

404 1513 693 1627 Mobilitate
720 1513 935 1636 calescit,
962 1539 1014 1616 et
1038 1553 1067 1616 e
1093 1510 1391 1652 contagibus
1415 1513 1564 1652 ignis.

405 1683 533 1789 Inde
559 1684 646 1787 ubi
666 1685 923 1824 percaluit
943 1687 1018 1789 vis
1042 1687 1200 1806 venti,1
1221 1685 1300 1787 vel
1327 1687 1493 1824 gravis
1517 1686 1649 1825 iguis
1732 1737 1735 1744 ¹

404 1863 636 2004 Impetus
657 1863 886 1984 incessit3
923 1884 1178 1962 maturum
1202 1883 1312 1962 tum
1340 1850 1485 2000 quasi
1511 1859 1708 1962 fulmen
1792 1874 1799 1888 ’

107 2161 112 2170 .
231 2027 235 2036 ⁸
402 2032 689 2140 Perscindit
713 2033 883 2146 subito
905 2031 1111 2151 nubem,
1138 2032 1406 2173 ferturque
1422 2037 1650 2136 'coruscis

406 2208 595 2313 Omnia
609 2206 896 2310 'luminibus
922 2207 1142 2308 lustrans
1164 2209 1276 2311 loca
1299 2209 1524 2347 percitus
1551 2209 1728 2312 ardor:
1889 2252 1892 2258 ·

405 2382 573 2504 Qnsm
600 2381 765 2520 gravis
788 2378 1075 2517 insequitur
1099 2382 1308 2503 sonitus,
1335 2381 1555 2520 displosa
1579 2406 1789 2521 repente

227 2639 233 2652 .
406 2558 715 2702 Opprimerc
739 2578 799 2656 ut
822 2555 932 2656 coeli
956 2555 1226 2657 videantur
1250 2557 1441 2694 templa
1468 2595 1701 2695 superne.

406 2731 536 2834 Inde
558 2755 746 2832 tremor
769 2732 1171 2867 terrasgraviter
1194 2752 1469 2867 pertentat,
1497 2754 1549 2830 et
1572 2732 1731 2832 altum
1802 2739 1809 2827 ζ

407 2884 678 3009 Murmura
701 2926 1014 3043 percurrunt
1025 2906 1204 3007 caelum
1224 2943 1237 3026 ;
1274 2941 1392 3003 nam
1418 2923 1525 3003 tata
1547 2903 1653 3005 fere
1678 2912 1792 3007 tum
1902 2923 1904 2927 ’

404 3079 700 3216 Tempestas
726 3113 965 3179 concussa
987 3078 1174 3198 tremit,
1200 3076 1536 3215 fremitusque
1559 3089 1858 3188 moventur}
1903 3078 1910 3095 ’
2083 3114 2088 3119 ·

408 3252 527 3373 Quo
554 3252 884 3378 decoucussu
910 3249 1140 3386 sequitur
1163 3250 1531 3388 gravisimber‚
1557 3275 1610 3352 et
1634 3253 1778 3377 uber,
1825 3269 1907 3356 Η
2070 3237 2072 3242 ’

409 3427 592 3528 Omnis
617 3424 692 3525 uti
715 3423 947 3524 videatur
968 3423 1022 3522 iu
1048 3421 1261 3526 imbrem
1280 3427 1468 3527 vertier
1491 3424 1678 3551 aether,.
1799 3438 1803 3523 ἶ
1893 3432 1901 3441 ’

405 3599 580 3736 Atque
601 3598 675 3697 ita
697 3593 1021 3734 praecipitans
1045 3593 1114 3698 ad
1133 3593 1378 3700 diluviem
1403 3634 1675 3707 revocare.'
1759 3634 1763 3641 ·
1895 3609 1903 3619 ’

406 3770 612 3887 Tantus
627 3768 837 3872 discidio
860 3763 1028 3886 nubis,
1054 3770 1296 3910 ventique
1319 3776 1560 3912 procella,

412 3940 640 4044 Mittitur
664 3942 861 4043 ardenti
886 3941 1078 4044 sonitus
1103 3956 1260 4081 quom
1285 3914 1515 4087 provolat
1539 3951 1662 4053 ictu.

482 4113 576 4215 Est
599 4116 749 4216 etiam
776 4151 931 4252 quom
956 4116 1031 4217 vis
1055 4120 1368 4223 extrinsecus
1392 4122 1546 4223 incita
1569 4124 1706 4226 venti
1802 4182 1822 4225 .·

411 4286 599 4394 Incidit
624 4286 916 4392 invalidam
941 4302 1140 4394 maturo
1164 4289 1377 4396 fulmine
1402 4295 1622 4419 nubem3
1668 4315 1671 4321 ’
1707 4312 1709 4319 ’

412 4459 763 4598 Quamrquom
790 4464 1046 4596 perscidit,
1074 4469 1331 4604 extemplo
1355 4470 1694 4609 caditigneus
1718 4444 1821 4573 ille'
1900 4487 1912 4523 '¹
1939 4448 1940 4451 Ν

410 4635 623 4759 Vortcx,
650 4636 788 4775 quod
815 4637 980 4776 patrio
1003 4640 1280 4741 vocitamus
1306 4644 1508 4744 numine
1533 4643 1756 4746 fulmen:

414 4810 528 4913 Hoc
552 4812 612 4913 fit
636 4811 770 4912 idem
793 4811 847 4914 in
873 4813 1059 4950 parteis
1083 4812 1221 4934 elias,
1249 4828 1557 4956 quocunque
1580 4820 1699 4920 tulit
1722 4822 1814 4926 vis.
1905 4841 1912 4882 '³
2004 4823 2008 4829 ’

463 4987 526 5132 ;F
527 4988 567 5086 it
591 5025 800 5127 quoque
825 5009 886 5088 ut
909 4987 1164 5088 interdum
1190 4993 1328 5091 venti
1351 4993 1425 5092 vis
1449 4993 1605 5093 missa·
1623 4995 1729 5097 sine
1747 4995 1879 5136 igni,
1903 5002 1910 5098 ἶ

414 5162 650 5309 Ignescat
672 5187 839 5269 tamen
867 5164 1124 5311 inspatio,
1151 5165 1407 5306 longaque
1432 5191 1619 5289 meatu,
1732 5194 1756 5249 '·
1807 5202 1838 5267 ·.
1904 5165 1921 5192 ”
