4598 6112
743 509 1018 598 LIBER
1082 506 1533 607 QUINTUS.¹
1777 512 1873 603 eol

454 763 720 884 Praeterea,
749 804 1072 905 quaecunque
1098 787 1303 865 manent
1329 787 1532 877 aeterna‚
1557 804 1756 869 necesse
1783 756 1879 892 est,

380 936 489 1037 Aut
515 941 636 1077 quia
660 963 779 1040 sunt
803 939 963 1039 solido
990 978 1102 1038 cum
1131 975 1358 1075 corpore,
1386 978 1624 1078 respuere
1652 945 1797 1062 ictus,

384 1109 497 1213 Nec
523 1136 787 1250 penetrare
814 1117 920 1252 pati
946 1114 1039 1214 sibi
1061 1110 1364 1253 quidquam,
1382 1114 1516 1251 quod
1537 1140 1697 1252 queat
1715 1145 1875 1222 arctas

382 1283 665 1388 Dissooiare
692 1290 828 1389 intus
854 1291 1056 1426 parteis,
1082 1310 1141 1387 ut
1165 1288 1392 1387 materiai

383 1457 610 1599 Corpora
634 1487 768 1582 sunt,
798 1501 1017 1602 quorum
1042 1485 1274 1562 naturam
1299 1459 1610 1561 ostendimus
1637 1485 1783 1565 ante:
1857 1558 1860 1563 .

378 1632 486 1733 Aut
510 1636 625 1736 ideo
652 1636 833 1738 durare
861 1660 1061 1737 aetatem
1088 1673 1233 1774 posse
1259 1664 1352 1770 per
1375 1671 1594 1753 omnem,

380 1801 653 1944 Plagarum
680 1811 802 1947 quia
827 1833 946 1911 sunt
970 1811 1215 1947 expertia,
1243 1811 1372 1909 sicut
1396 1810 1544 1907 inane
1570 1832 1661 1927 est,

380 1976 535 2098 Quod
559 2005 726 2081 manet
744 1984 1006 2103 intactum,
1027 2022 1195 2120 neque
1215 1981 1279 2082 ab
1300 1983 1403 2082 ictu
1423 1981 1655 2119 fungitur
1676 1981 1833 2084 hilum
1856 2025 1868 2086 z

377 2155 484 2253 Aut
511 2156 679 2275 etiam,
708 2156 830 2293 quia
855 2156 997 2254 nulla
1018 2156 1116 2255 loci
1143 2157 1206 2254 sit
1232 2156 1377 2292 copia
1402 2156 1607 2277 circum,

380 2323 498 2446 Quo
525 2330 669 2467 quasi
695 2367 774 2429 res
799 2329 995 2464 possint
1018 2328 1293 2449 discedere,
1322 2329 1628 2469 dissolvique
1645 2374 1670 2455 3.

380 2498 523 2600 Sicut
548 2539 857 2601 summarum
884 2492 1081 2613 summa
1106 2527 1180 2604 est
1204 2527 1409 2622 aeterna,
1437 2543 1604 2643 neque
1629 2531 1775 2607 extra

379 2672 508 2794 Quis
523 2678 662 2777 locus
682 2699 757 2776 est
776 2713 880 2814 quo
906 2675 1176 2801 dissiliant3
1203 2715 1370 2815 neque
1386 2714 1595 2819 corpora
1613 2702 1733 2778 sunt
1752 2719 1870 2819 quae

379 2848 579 2952 Possint
602 2853 841 2972 incidere,
869 2873 921 2952 et
939 2851 1105 2951 valida
1130 2851 1398 2952 dissolvere
1423 2852 1590 2989 plaga.
1626 2898 1634 2913 ·

376 3026 449 3126 At
473 3066 641 3165 neque
668 3029 769 3163 (uti
796 3026 970 3158 docui)
997 3026 1156 3126 solido
1181 3061 1296 3125 cum
1322 3020 1530 3163 'corpore
1551 3027 1727 3127 mundi

379 3190 581 3301 Natura
605 3223 696 3322 est,
725 3202 966 3338 quoniam
992 3201 1263 3302 admistum
1290 3202 1442 3300 estin
1467 3198 1618 3301 rebus
1643 3203 1822 3304 inane:

761 3342 780 3373 .

379 3370 491 3473 Nec
507 3395 675 3491 tamen
692 3396 769 3474 est
783 3396 842 3474 ut
856 3375 1004 3474 inane
1024 3413 1040 3472 :⁴
1064 3396 1419 3514 nequeautem
1438 3414 1649 3516 corpora
1662 3375 1864 3500 desunt,
1993 3496 1996 3501 ¹

295 3616 311 3647 ,
378 3546 459 3647 Ex
487 3549 684 3649 infinito
710 3586 828 3685 quae
854 3549 1048 3685 possin-t
1072 3548 1201 3650 forte
1227 3573 1397 3651 coorta

378 3718 626 3820 Proruere
653 3718 782 3821 hanc
808 3760 977 3822 rerum
1003 3725 1222 3825 violento
1247 3725 1451 3825 turbine
1478 3761 1739 3844 summam,

374 3894 483 3994 Aut
508 3896 656 3995 aliam
682 3898 912 4031 quamvis
936 3897 1129 3997 cladem
1155 3900 1426 4037 importare
1455 3898 1652 4034 perlcli:

378 4067 492 4168 Nec
516 4104 667 4204 porro
692 4089 871 4167 natura
897 4069 1008 4190 loci,
1037 4074 1359 4212 spatiumque
1379 4070 1620 4211 profundi

377 4241 582 4363 Deficit,
611 4244 845 4378 exspargi
872 4283 976 4381 quo
1002 4248 1200 4383 possint
1223 4246 1406 4345 moenia
1430 4244 1627 4364 mundi,

231 4468 236 4479 ·
373 4416 482 4518 Aut
506 4419 604 4517 alia
629 4418 804 4556 quavis
830 4418 1021 4554 possint
1045 4418 1093 4517 vi
1119 4419 1267 4556 pulsa
1290 4418 1470 4555 perire.

376 4592 528 4693 Haud
559 4594 716 4729 igitur
741 4591 864 4691 lethi
892 4592 1136 4729 praeclusa
1161 4616 1236 4693 est
1253 4592 1412 4730 janua
1438 4591 1576 4711 coelo,

376 4765 427 4868 N
434 4805 490 4867 eo
516 4768 623 4884 soli,
651 4788 918 4904 terraeque,
945 4806 1036 4867 nec
1063 4767 1176 4865 altis
1202 4765 1422 4904 aequoris
1448 4763 1625 4865 undis:

375 4943 474 5043 Sed
504 4965 643 5080 patet
667 4916 873 5040 immani
901 4961 953 5040 et
979 4961 1115 5041 vasto
1141 4959 1390 5076 respectat
1415 4934 1573 5038 hiatu.

447 5115 618 5236 Quare
645 5117 795 5215 ctiam
822 5114 992 5216 nativa
1016 5149 1273 5212 necessum
1299 5134 1375 5211 est
1399 5111 1668 5211 confiteare

1096 5291 1114 5340 2
1124 5297 1145 5337 D
