4598 6112
329 413 341 418 ἢ
444 479 514 580 aa
758 489 817 576 r.
886 485 1323 579 nuoanrn
1390 488 1603 581 cunr

447 745 628 886 Donec
653 747 885 846 materies
911 749 1103 849 omneis
1129 757 1368 850 concussa
1393 787 1486 888 per
1510 771 1648 850 artus

448 919 660 1024 Vitaleis
685 919 867 1021 animae
886 923 1047 1024 nodos
1070 961 1099 1023 e
1126 893 1335 1062 corpore
1361 925 1522 1044 solvit,

284 1175 303 1233 4
451 1095 851 1235 Dispersamque
876 1093 1010 1195 foras
1035 1133 1129 1234 per
1153 1097 1321 1197 caulas
1347 1098 1482 1235 ejicit
1508 1064 1745 1199 omneis..

452 1269 505 1372 N
509 1310 591 1373 am
618 1267 752 1409 quid
772 1276 1020 1406 praeterea
1043 1271 1207 1373 facere
1227 1272 1383 1372 ictum
1409 1309 1554 1410 posse
1579 1310 1783 1376 reamur

454 1443 720 1566 Oblatum,
750 1445 847 1545 nisi
874 1444 1141 1567 discutere,
1159 1453 1225 1546 'ao
1251 1446 1520 1548 dissolvere
1546 1453 1805 1588 quaequel

523 1619 605 1721 Fit
631 1656 854 1760 quoque,
882 1621 958 1719 uti
985 1622 1180 1757 soleant
1203 1621 1371 1721 minus
1396 1618 1567 1722 oblato
1594 1623 1775 1723 acriter
1799 1623 1902 1725 ictu

452 1791 726 1933 Relliquiae
751 1815 918 1896 motus
943 1795 1107 1931 vitalis
1131 1798 1330 1897 vincere
1357 1834 1509 1933 saepe‚

451 1969 671 2072 Vincere
700 1994 754 2072 et
778 1972 1029 2109 ingenteis
1053 1973 1220 2110 plagae
1245 1972 1420 2072 sedare
1444 1971 1712 2091 tumultus

454 2143 620 2284 Inque
644 2183 758 2247 suos
785 2146 1043 2286 quidquid
1069 2184 1241 2247 rursus
1267 2183 1497 2248 revocare
1523 2170 1736 2268 meatus,
1777 2125 1783 2136 ⁸
1822 2211 1824 2215 Α

307 2340 309 2345 ’
453 2318 524 2420 Et
548 2321 692 2458 quasi
707 2319 819 2456 jam
839 2317 966 2420 lethi
993 2320 1338 2422 dominantem
1354 2321 1409 2419 in
1434 2359 1645 2461 corpore
1664 2344 1858 2423 motum
1942 2408 1945 2413 .

456 2490 747 2613 Discutere,
773 2531 831 2594 ao
857 2530 1008 2632 poene
1032 2493 1236 2593 amissos
1262 2491 1536 2596 accendere
1562 2533 1751 2598 sensus,
1941 2550 1945 2555 ·

457 2667 595 2770 Nam
623 2706 782 2807 quare
804 2671 976 2805 potius
1001 2663 1128 2767 lethi
1145 2664 1254 2803 jam
1278 2666 1451 2768 limine
1477 2667 1541 2768 ab
1567 2672 1678 2808 ipso
1815 2637 1818 2641 i

453 2843 535 2944 Ad
564 2843 718 2943 vitam
744 2844 939 2982 possint
963 2842 1190 2945 conlecta
1213 2864 1383 2944 mente
1408 2847 1607 2964 reverti,

458 3017 629 3139 Quam
656 3057 759 3158 quo
785 3020 1053 3122 decursum
1079 3055 1239 3157 prope
1258 3018 1367 3155 jam
1392 3018 1502 3141 siet,
1529 3021 1601 3121 ire
1628 3045 1681 3123 et
1704 3022 1874 3125 abiret

527 3190 798 3312 Praeterea,
824 3196 1066 3332 quoniam
1092 3192 1237 3292 dolor
1261 3213 1352 3311 est,
1380 3190 1470 3291 ubi
1494 3199 1725 3297 materiai

461 3366 689 3504 Corpora
711 3367 761 3467 vi
787 3365 1009 3504 quadam
1028 3403 1120 3504 per
1137 3365 1325 3466 viscera
1349 3364 1475 3485 viva,
1502 3402 1596 3502 per
1619 3391 1758 3470 artus

461 3539 740 3641 Sollicitata
764 3542 865 3641 suis
889 3541 1150 3680 trepidant
1174 3541 1227 3639 in
1253 3536 1457 3639 sedibus
1481 3519 1650 3668 intus3

461 3716 628 3859 lnque
647 3720 814 3827 locum
842 3715 1049 3856 quando
1069 3715 1362 3852 remigrant‚
1382 3713 1442 3815 fit
1466 3711 1656 3816 blanda
1680 3720 1913 3858 voluptas
1933 3764 1943 3824 :

463 3891 600 3993 Scire
624 3893 759 4013 licet,
786 3892 929 3995 nullo
953 3887 1231 4028 primordia
1255 3925 1399 4025 posse
1427 3887 1600 3992 dolore

408 4044 414 4053 ⁸
461 4064 701 4191 Tentari3
738 4067 1035 4205 nullamque
1060 4065 1370 4199 voluptatem
1395 4101 1575 4200 capere
1601 4107 1668 4168 ex
1692 4108 1774 4174 se:

466 4236 898 4377 Quandoquidem
926 4278 1028 4340 non
1054 4259 1173 4339 sunt
1191 4276 1253 4337 ex
1279 4237 1395 4339 ullis
1421 4240 1789 4377 principiorum
1941 4265 1945 4271 '

468 4410 796 4550 Corporibus
824 4407 1042 4552 quorum
1067 4402 1234 4514 motus
1258 4416 1482 4515 novitate
1499 4398 1754 4538 laborent,

299 4573 302 4581 ⁴
466 4590 822 4729 Autaliquem
841 4590 1064 4690 fructum
1090 4586 1294 4723 capiant
1317 4587 1600 4692 dulcedinis
1626 4592 1788 4697 almae.

470 4766 625 4869 Haud
651 4762 1024 4903 igitur-debent
1046 4799 1152 4863 esse
1173 4763 1277 4863 ullo
1303 4762 1519 4903 praedita
1546 4805 1710 4870 sensu.
1848 4813 1849 4817 ¹

540 4942 797 5082 Denique,
823 4943 901 5045 uti
925 4940 1121 5078 possint
1144 4940 1327 5048 sentire
1353 4941 1587 5042 animalia
1614 4981 1852 5086 quaeque,
1999 4964 2009 4980 ‘

470 5116 739 5254 Principiis
764 5117 803 5218 si
823 5117 976 5223 etiam
998 5132 1077 5217 est
1100 5150 1275 5217 sensus
1299 5113 1602 5219 tribuendus
1627 5156 1831 5223 eorum:
