4598 6112
716 522 987 612 LIBER
1050 519 1473 615 QUARTUS.
1739 517 1835 612 153

232 856 235 863 ,
343 777 622 880 Desierunt
647 782 789 902 verti,
814 780 897 880 vix
926 802 985 880 ut
1000 778 1109 916 jam
1135 780 1339 880 credere
1358 781 1573 918 possint,

292 980 298 990 '
342 951 462 1054 Non
491 959 647 1093 supra
671 993 776 1055 sese
803 994 948 1055 ruere
975 956 1143 1055 omnia
1167 978 1301 1054 tecta
1326 957 1521 1058 minari.

407 1127 628 1267 Jamque
648 1128 856 1229 rubrum
875 1102 1102 1231 tremulis
1119 1128 1276 1267 jubar
1294 1129 1500 1268 ignibus
1520 1131 1712 1270 erigere
1731 1133 1832 1236 alte

341 1301 513 1422 Quom
538 1326 725 1441 coeptat
748 1328 945 1426 natura,
973 1342 1229 1443 supraque
1255 1305 1497 1404 extollere
1516 1308 1729 1408 monteis
1743 1347 1756 1434 ;

339 1475 483 1596 Quos
507 1478 601 1578 tibi
626 1502 734 1578 tum
761 1516 914 1616 supra
938 1480 1011 1579 sol
1037 1479 1250 1578 monteis
1274 1516 1379 1577 esse
1403 1479 1621 1602 videtur,

340 1650 637 1753 Comminus
662 1654 771 1790 ipse
800 1691 889 1753 suo
915 1654 1212 1792 contingens
1237 1652 1461 1754 fervidus
1486 1655 1610 1791 igni,

335 1824 440 1927 Vix
466 1825 651 1927 absunt
675 1826 820 1926 nobis
845 1827 1024 1927 missus
1050 1826 1127 1927 bis
1153 1826 1289 1926 mille
1314 1828 1540 1964 sagittae,

334 1997 438 2100 Vix
463 2002 614 2101 etiam
640 2038 814 2101 cursus
841 2001 1147 2139 quingentos
1171 2037 1307 2137 saepe
1333 2002 1523 2102 veruti:

336 2170 478 2275 luter
502 2213 586 2275 eos
610 2174 869 2313 solemque
886 2172 1061 2311 jacent
1085 2173 1323 2274 immania
1346 2176 1491 2312 ponti
1520 2198 1524 2205 '
1677 2173 1680 2178 ’

333 2349 566 2488 AEquora
592 2347 844 2449 substrata
869 2345 1090 2448 aetheriis
1116 2348 1409 2487 ingentibus
1434 2349 1534 2450 oris
1549 2390 1563 2474 ;

334 2520 715 2662 Interjeotaque
741 2544 860 2623 suut
885 2544 1130 2622 terrarum
1158 2523 1316 2623 millia
1341 2522 1516 2645 multa,
1662 2654 1665 2659 Α

334 2695 468 2816 Quae
494 2698 643 2798 variae
670 2700 892 2798 retinent
914 2719 1110 2835 gentes,
1131 2717 1183 2798 et
1207 2697 1355 2798 saeola
1377 2667 1616 2798 ferarum.

399 2866 470 2970 At
496 2869 751 2969 oonleotus
775 2907 924 3009 aquae
950 2870 1167 3009 digitum
1194 2910 1297 2972 non
1324 2870 1471 2971 altior
1496 2908 1671 3000 unum,

331 3018 437 3165 Qui
461 3043 657 3180 lapides
682 3044 815 3142 inter
839 3043 968 3144 sistit
992 3082 1086 3182 per
1104 3069 1262 3173 strata
1285 3045 1497 3165 viarum,

329 3214 642 3355 Despectum
668 3192 868 3355 praebet
891 3218 986 3320 sub
1012 3241 1169 3320 terras
1194 3219 1382 3355 impete
1407 3239 1565 3351 tanto,
1646 3204 1651 3217 ⁸

326 3390 374 3490 A
400 3393 547 3491 terris
573 3415 824 3529 quantum
850 3392 960 3492 ooeli
986 3392 1285 3529 patet-altus
1310 3390 1506 3493 hiatus:

162 3564 166 3571 ’
328 3564 527 3670 Nubila
552 3568 828 3706 despicere,
856 3592 909 3669 et
932 3571 1116 3672 ooelum
1142 3590 1201 3667 ut
1224 3566 1425 3667 videare
1453 3565 1637 3686 videre,
1665 3589 1719 3666 et

328 3738 556 3879 Corpora
582 3741 810 3843 mirande
837 3742 932 3845 sub
958 3767 1115 3845 terras
1140 3741 1313 3842 abdita
1337 3740 1477 3843 coelo.

395 3910 653 4052 Denique,
681 3913 770 4014 ubi
797 3917 850 4016 in
876 3917 1042 4017 medio
1068 3914 1214 4016 nobis
1239 3952 1404 4055 equus
1429 3951 1542 4014 acer
1566 3911 1799 4051 obhaesit·

324 4085 574 4208 Flumine,
602 4088 728 4189 etin
755 4089 956 4227 rapidas
982 4091 1142 4191 amnis
1169 4089 1492 4227 despeximus
1517 4087 1696 4208 undas,

324 4260 515 4364 Stantis
540 4265 657 4403 equi
685 4302 869 4403 corpus
893 4285 1232 4369 transversum
1257 4261 1387 4362 seire
1407 4260 1616 4364 videtur-

139 4568 148 4583 ·
301 4435 429 4587 avis,
456 4439 586 4551 etin
612 4438 879 4544 adversum
904 4440 1094 4541 flumen
1121 4437 1421 4539 contrudere
1446 4439 1662 4574 raptim3

322 4609 405 4733 Et,
433 4650 742 4752 quoeunque
768 4614 939 4714 oculos
965 4614 1268 4750 trajecimus,
1296 4609 1465 4713 omnia
1489 4610 1625 4734 ferri,

320 4783 390 4887 Et
414 4787 573 4886 fluere
599 4786 816 4886 adsimili
840 4783 987 4885 nobis
1012 4789 1206 4887 ratione
1231 4787 1482 4888 videntur.

266 5096 268 5101 γ
389 4961 619 5062 Porticus
645 4961 828 5100 aequali
857 4963 1088 5101 quamvis
1114 4985 1191 5063 est
1216 4962 1438 5101 denique
1465 4961 1640 5084 ductu,

200 5210 201 5214 κ
319 5137 570 5274 Stansque
597 5137 647 5275 iu
675 5158 984 5275 perpetuum
1010 5135 1219 5274 paribus
1244 5135 1453 5239 suffulta
1479 5138 1754 5279 oolumnis;
