4598 6112
485 507 583 601 lue
659 606 661 608 ,
822 514 880 599 Τ.
948 506 1382 599 LUCRETII
1448 503 1661 596 CARI

485 760 628 869 Num
655 767 778 904 quid
808 767 878 867 ibi
904 761 1144 868 horribile
1170 762 1411 903 apparet?
1449 761 1571 864 num
1593 764 1735 865 triste
1756 762 1958 864 videtur

484 939 820 1079 Quidquam?
859 981 1026 1041 nonne
1051 941 1189 1040 omni
1215 976 1392 1037 somno
1419 939 1641 1039 securius
1667 939 1866 1037 exstat?
1910 952 1914 959 '

550 1116 725 1254 Atque
764 1155 824 1216 ea
862 1117 1118 1235 nimirum,
1165 1151 1487 1252 quaecunque
1525 1112 1819 1213 Acherunte
1860 1149 1976 1249 pro-

622 1290 782 1388 fundo

483 1461 692 1563 Prodita
719 1484 983 1583 suntesse,
1010 1464 1062 1561 in
1090 1457 1714 1564 vitasuntomnianobis.
1796 1461 1800 1467 ’
1904 1494 1908 1503 ·
2006 1490 2014 1503 ·
2167 1474 2179 1491 ·

485 1635 539 1742 N
544 1679 599 1741 ec
625 1642 775 1739 miser
798 1640 1099 1777 impendens
1126 1648 1369 1774 magnum
1394 1636 1540 1734 timet
1566 1638 1681 1734 aere
1708 1672 1888 1735 saxum

482 1812 742 1949 Tantalus,
772 1836 828 1915 ut
853 1814 987 1913 fauna
1011 1835 1100 1933 est,
1128 1848 1265 1913 cassa
1288 1808 1557 1907 formidine
1583 1830 1820 1947 torpens:

492 1986 593 2087 Sed
620 1991 780 2126 magis
805 1991 857 2087 in
883 1988 986 2088 vita
1012 1987 1177 2088 divdm
1203 2005 1367 2083 metus
1393 2005 1545 2120 urget
1566 1982 1731 2083 inanis

432 2262 436 2269 ,
485 2157 763 2278 MortaieiS‚
791 2198 1066 2298 casumque
1091 2160 1273 2258 timent
1299 2194 1658 2295 quemcunque
1684 2155 1813 2256 ferat
1838 2156 1956 2257 fors.

560 2332 674 2435 Nec
697 2331 886 2472 Tityon
912 2333 1138 2433 volucres
1163 2310 1343 2436 ineunt
1366 2333 1660 2435 Acherunte
1679 2335 1951 2472 jacentem,

201 2626 207 2634 ,
315 2623 317 2626 ,
485 2507 600 2611 Nec
627 2508 764 2646 quod
793 2506 886 2606 sub
913 2545 1098 2645 magno
1124 2532 1413 2611 scrutentur
1437 2530 1658 2646 pectore,
1694 2509 1979 2649 quidquam

485 2681 792 2819 Perpetuam
808 2702 1019 2780 netatem
1044 2704 1288 2818 poterunt
1312 2685 1532 2822 reperire
1557 2682 1801 2821 profectu,

487 2852 786 2973 Quamlibet
805 2845 1013 2952 immani
1043 2856 1271 2993 projectu
1298 2860 1521 2995 corporis
1547 2880 1726 2979 exstet,

487 3026 594 3148 Qui
627 3066 726 3128 non
753 3026 857 3127 sola
882 3065 1058 3127 novem
1087 3027 1333 3168 dispensis
1350 3031 1536 3169 jugera
1559 3030 1799 3134 membris

488 3201 750 3320 Obtineat,
778 3200 865 3299 sed
893 3201 983 3337 qui
1007 3210 1160 3302 terrai
1184 3209 1339 3306 totius
1363 3205 1569 3306 orbem:

399 3387 401 3393 ’
495 3373 617 3478 Non
644 3398 810 3475 tamen
839 3396 1085 3474 ueternum
1111 3382 1298 3514 poterit
1322 3378 1545 3518 perferre
1572 3380 1818 3503 dolorem,
1939 3368 1942 3373 ⁵

490 3551 606 3655 Nec
635 3548 864 3689 praebere
890 3549 1060 3650 cibum
1086 3555 1294 3690 proprio
1321 3554 1383 3653 de
1410 3592 1618 3691 corpore
1645 3593 1875 3694 semper:

496 3727 600 3828 Sed
623 3725 801 3864 Tityos
827 3722 973 3824 nobis
998 3723 1079 3826 hic
1105 3750 1195 3848 est,
1222 3729 1274 3826 in
1302 3766 1468 3827 amore
1483 3727 1737 3864 jacentem
1898 3767 1904 3777 ·
1949 3859 1951 3862 Α

492 3900 660 4022 Quem
684 3900 916 4001 volucres
941 3900 1180 4022 lacerant,
1208 3926 1364 4042 atque
1390 3924 1531 4001 exest
1556 3905 1738 4007 anxius
1759 3943 1918 4044 angor
1931 3947 1951 4031 3

489 4077 599 4177 Aut
623 4074 722 4174 alia
749 4075 925 4211 quavis
951 4075 1189 4175 scindunt
1214 4076 1501 4214 cuppedine
1527 4115 1677 4180 curce.

562 4246 811 4386 Sisyphus
836 4250 889 4346 in
915 4249 1016 4348 vita
1042 4288 1251 4388 quoqne
1277 4250 1422 4351 nobis
1447 4274 1563 4350 ante
1587 4254 1762 4354 oculos
1786 4279 1879 4378 est,
1930 4245 1932 4248 ⁵

492 4423 598 4546 Qui
624 4445 795 4561 petere
821 4458 850 4520 a
876 4425 1068 4559 populo
1092 4423 1284 4545 fasceis,
1311 4462 1567 4563 saevasque
1593 4432 1809 4531 secureis

491 4596 731 4717 Imbibit;
770 4614 822 4694 et
847 4629 1045 4731 semper
1067 4598 1245 4718 victus,
1271 4598 1530 4738 tristisque
1555 4602 1775 4725 recedit:

494 4773 636 4878 Nam
668 4792 841 4910 petere
878 4769 1167 4910 imperium,
1207 4772 1345 4924 quod
1383 4748 1531 4873 inane
1570 4797 1661 4897 est,
1700 4816 1793 4880 nec
1834 4778 1985 4881 datm

629 4982 875 5083 unquam,

489 5135 665 5268 Atque
689 5125 743 5225 in
769 5162 828 5226 en
852 5158 1054 5264 semper
1077 5121 1263 5226 durum
1288 5121 1500 5227 sufferre
1524 5123 1768 5248 laborem,
