4620 6106
407 459 509 560 268
730 467 789 557 T.
858 462 1299 560 LUCRETII
1359 464 1573 560 CARI

411 726 700 832 Diffindens
725 751 911 829 terram
937 760 1180 861 magnum
1206 725 1475 826 concinnat
1499 726 1725 867 hiatum:

410 902 473 1006 In
497 900 654 1041 Tyria
683 901 870 1001 Sidone
897 897 1035 1038 quod
1062 900 1260 1022 accidit,
1288 925 1339 1002 et
1364 903 1623 1043 fuitAEgis
1683 883 1686 887 ’

409 1077 469 1180 ln
501 1076 878 1215 Peloponneso:
919 1114 1045 1216 quas
1070 1078 1235 1176 exitus
1262 1075 1344 1177 hic
1370 1081 1555 1180 animai
1659 1076 1662 1083 ’

247 1307 249 1311 ⁴
409 1248 682 1354 Disturbtt
706 1251 890 1370 urbeis,
918 1273 969 1350 ct
994 1271 1143 1349 terrae
1169 1273 1334 1397 motus
1360 1250 1597 1354 obortus!
1693 1241 1702 1251 ⁶

280 1504 286 1509 .
411 1424 685 1566 Multaque
709 1450 958 1562 praeterea
983 1424 1277 1527 ceciderunt
1302 1422 1485 1527 moenia
1511 1434 1709 1569 magnis

411 1600 642 1702 Motibus
668 1603 720 1701 in
746 1603 909 1721 terris,
938 1622 989 1699 et
1014 1600 1190 1699 multae
1218 1638 1313 1737 per
1337 1640 1473 1703 mare
1499 1642 1704 1742 pessum

411 1774 696 1875 Subsedere
723 1776 823 1874 suis
848 1776 1038 1911 pariter
1063 1810 1176 1872 cum
1205 1775 1397 1876 civibus
1425 1777 1592 1881 urbes.

412 1949 566 2071 Quod
593 1952 687 2052 nisi
714 1953 1017 2089 prorumpit,
1045 1973 1214 2051 tamen
1241 1954 1459 2088 impetus
1487 1957 1595 2091 ipse
1624 1958 1809 2060 animai

409 2127 480 2228 Et
503 2128 610 2229 fera
632 2131 706 2230 vis
730 2103 866 2229 venti
894 2168 987 2267 per
1012 2130 1189 2251 crebra
1213 2126 1460 2227 foramina
1485 2153 1634 2232 terrae

410 2304 742 2443 Dispertitur,
770 2329 828 2405 ut
853 2304 1059 2429 horror3
1099 2329 1149 2405 et
1174 2304 1360 2403 incutit
1383 2301 1502 2403 inde
1528 2327 1828 2410 tremorem:

410 2479 593 2619 Frigus
621 2483 692 2582 uti
719 2505 913 2581 nostros
939 2483 1148 2637 penitus
1168 2516 1324 2618 quom
1349 2480 1488 2580 venit
1515 2484 1565 2580 in
1592 2504 1746 2604 artua,
1854 2517 1859 2530 ·

411 2656 667 2778 Concutit,
695 2658 876 2757 invitos
902 2694 1085 2793 cogens
1109 2678 1325 2753 tremere
1351 2677 1504 2791 atque
1531 2660 1735 2761 moveri.

355 2855 356 2860 '
406 2810 634 2972 Ancipiti
659 2832 918 2968 trepidant
942 2833 1101 2968 igitur
1125 2851 1315 2929 terrore
1341 2867 1432 2966 per
1457 2831 1656 2934 urbeis:

405 3005 563 3109 Tecta
588 3045 804 3144 superne
831 3009 1028 3126 timent,
1057 3023 1293 3104 metuunt
1319 3001 1514 3103 inferne
1542 3044 1778 3107 cavernas

406 3180 583 3282 'l'erra'i
608 3220 672 3281 ne
699 3161 942 3280 dissolvat
966 3201 1147 3278 natura
1164 3199 1412 3311 'repente3

409 3354 531 3460 Neu
559 3355 798 3455 distracta
823 3391 969 3453 suum
994 3353 1095 3452 late
1123 3351 1394 3489 dispandat
1420 3351 1628 3475 hiatum,

309 3630 312 3636 .
408 3528 576 3669 quue
602 3530 703 3627 suis
729 3526 936 3628 confusa
964 3527 1083 3626 velit
1108 3527 1361 3663 complere
1388 3530 1564 3630 ruinis

476 3703 697 3804 Proinde
721 3705 856 3823 licet,
879 3705 1107 3841 quamvis
1132 3704 1313 3803 coelum
1339 3726 1630 3844 terramque
1657 3730 1868 3808 reantur

408 3876 712 4016 incorrupta
736 3878 843 3977 fore
869 3901 1073 3978 aeternae
1098 3879 1337 3979 mandata
1362 3878 1543 3981 saluti:

405 4052 646 4154 Attamen
672 4052 928 4152 interdum
955 4089 1178 4189 praesens
1201 4057 1276 4154 vis
1302 4057 1413 4191 ipsa
1437 4049 1614 4191 pericli

408 4228 650 4330 Subditat
673 4227 809 4329 hunc
836 4228 1096 4328 stimulum
1124 4228 1345 4368 quadam
1372 4229 1438 4328 de
1463 4252 1609 4366 parte
1635 4229 1844 4350 timoris,

319 4492 321 4494 ,
371 4484 373 4489 .
407 4401 460 4505 N
466 4444 493 4504 e
520 4401 737 4542 pedibus
763 4405 947 4539 raptim
973 4403 1126 4502 tellus
1152 4382 1433 4503 substracta
1450 4402 1643 4503 feratur

407 4576 469 4680 In
496 4575 808 4697 barathrum,
835 4615 1110 4721 rerumque
1136 4600 1380 4716 sequatur
1403 4577 1608 4715 prodita
1632 4616 1828 4682 summa

407 4751 674 4873 Funditus,
702 4775 754 4852 ct
779 4752 869 4853 fiat
894 4751 1073 4854 mundi
1099 4753 1307 4855 confusa
1330 4755 1493 4854 ruina.

360 4905 363 4911 ⁸
478 4927 633 5031 Nunc
659 4932 787 5031 ratio
812 4928 1097 5052 reddunda,
1125 4967 1345 5068 augmen
1371 4967 1462 5030 cur
1485 4931 1677 5032 nesciat
1701 4970 1895 5074 aequor.

406 5101 678 5240 Principio,
707 5145 843 5207 mare
869 5108 1117 5209 mirantur
1141 5143 1243 5206 non
1269 5103 1484 5210 reddere
1509 5106 1670 5245 majus
