4598 6112
455 539 591 637 ‘rto
813 540 874 629 r.
941 496 1377 630 uucnnru
1443 535 1656 628 cunr

559 799 835 936 Principio,
863 801 1103 938 quoniam
1130 821 1333 899 tenuem
1362 819 1588 895 constare
1617 798 1823 898 minutis

490 973 802 1113 Corporibus
829 975 994 1097 docui,
1020 979 1285 1114 multoque
1309 971 1591 1073 minoribus
1616 1011 1721 1071 esse

488 1148 757 1288 Principiis
783 1150 963 1250 factam
993 1190 1148 1290 quam
1173 1151 1401 1289 liquidus
1426 1148 1610 1248 humor
1634 1154 1788 1284 aquai
1813 1172 1904 1266 est,

461 1323 595 1424 ‘Aut
618 1324 821 1445 nebula,
850 1349 937 1425 aut
961 1326 1160 1426 fumus:
1200 1365 1315 1426 nam
1343 1327 1494 1463 longe
1519 1322 1800 1423 mobilitate

485 1494 716 1618 Praestat,
744 1521 796 1597 et
820 1537 850 1599 a
873 1501 1015 1599 tenui
1040 1537 1192 1599 causa
1214 1501 1375 1638 magis
1394 1501 1495 1599 iota
1519 1520 1780 1621 movetur;

482 1667 693 1810 Quippe
720 1672 809 1771 ubi
835 1672 1143 1810 imaginibus
1167 1673 1294 1773 fumi
1320 1673 1627 1814 nebulaeque
1653 1689 1914 1779 moretm:

484 1841 641 1964 Quod
667 1817 830 1983 genus
855 1848 908 1945 in
935 1849 1120 1947 somnis
1147 1849 1296 1986 sopiti
1323 1847 1409 1948 ubi
1439 1850 1691 1950 cernimus
1717 1850 1818 1951 alta

483 2021 737 2157 Eubalare
762 2059 949 2163 vapore
975 2024 1166 2143 altaria,
1190 2024 1427 2163 ferreque
1453 2025 1680 2147 fumum3

482 2196 620 2300 Nam
644 2201 825 2337 procul·
848 2197 957 2299 hoec
984 2196 1141 2298 dnbio
1167 2198 1312 2301 nobis
1338 2201 1605 2301 simulacra
1631 2218 1920 2336 genuntur:

481 2369 640 2474 Nunc
660 2375 819 2511 igitur
843 2375 1084 2512 quoniam
1111 2377 1358 2514 quassatis
1383 2364 1614 2511 undiquc
1639 2373 1768 2472 vasis

479 2546 729 2647 Diffluere
754 2544 1035 2667 humorem,
1064 2570 1115 2647 et
1132 2550 1330 2649 laticem
1358 2547 1615 2648 discedere
1642 2546 1805 2649 cernis
1821 2587 1834 2668 ;

479 2718 548 2821 Et
572 2721 761 2823 nebula
784 2760 842 2820 ao
866 2720 1036 2821 fumus
1063 2725 1303 2861 quoniam
1330 2722 1545 2823 discedit
1569 2723 1621 2821 in
1648 2759 1811 2841 auras
1842 2786 1845 2791 -

479 2895 643 2998 Crede
669 2898 888 2997 animam
916 2935 1123 3035 quoque
1148 2897 1384 3018 diffundi,
1411 2896 1678 3035 multoque
1702 2897 1869 3034 perire

476 3067 653 3191 Ocius,
681 3095 732 3172 et
757 3072 904 3171 citius
930 3071 1131 3174 dissolvi
1157 3112 1369 3212 corpora
1392 3076 1572 3211 prima,
1646 3132 1649 3141 ·

475 3244 646 3367 Quom
674 3248 825 3347 semel
850 3244 1087 3346 omnibus
1113 3286 1141 3346 e
1166 3247 1406 3347 membris
1431 3248 1598 3349 ablata
1622 3252 1840 3352 recessit.

476 3421 686 3560 Quippe
713 3423 900 3521 etenim
925 3459 1124 3559 corpus
1152 3422 1288 3589 qnod
1315 3459 1401 3522 vas
1428 3424 1571 3560 quasi
1598 3427 1822 3526 constitit
1846 3429 1970 3564 ejus,

474 3593 645 3716 Quom
673 3594 907 3695 cohibere
933 3598 1114 3733 nequit
1138 3619 1527 3735 conquassatum
1555 3635 1618 3696 ex
1645 3598 1910 3737 aliquare,

471 3770 548 3871 Ac
568 3769 867 3911 rarefactum
890 3770 1116 3891 detracto
1141 3772 1386 3909 sanguine
1411 3771 1566 3890 veniS,

472 3946 606 4043 Aere
634 3952 725 4082 qui
751 3943 924 4043 credas
947 3981 1097 4081 posse
1124 3942 1254 4044 hanc
1279 3942 1562 4045 cohiberier
1587 3945 1725 4048 ullo?
1775 4002 1787 4023 ·

473 4117 700 4256 Corpore
726 4112 813 4257 qni
842 4142 1015 4219 nostro
1042 4157 1184 4219 rarus
1208 4121 1369 4258 magis
1395 4159 1476 4221 am
1501 4116 1802 4225 cohibessitt

540 4293 808 4414 Praeterea,
835 4295 976 4432 gigni
1003 4296 1194 4431 pariter
1217 4334 1333 4396 cum
1361 4332 1586 4431 corpore,
1614 4315 1666 4392 et
1688 4332 1792 4394 nna

471 4464 708 4569 Crescere
736 4470 993 4586 sentimus
1015 4469 1313 4605 pariterque
1340 4504 1595 4567 senescere
1621 4490 1873 4571 mentem:

469 4641 608 4742 Nam
637 4642 775 4743 velut
799 4643 999 4741 infirmo
1024 4644 1170 4779 pueri
1198 4666 1476 4783 teneroque
1500 4663 1752 4780 vagantur

470 4813 714 4952 Corpore,
744 4816 812 4916 sic
839 4816 991 4916 animi
1018 4820 1251 4956 sequitur
1275 4821 1524 4919 sententia
1541 4823 1730 4923 tenuis.

473 4987 594 5089 [nde
622 4990 712 5114 ubi
738 4990 957 5092 robustis
982 4993 1202 5095 adolevit
1224 4992 1416 5093 viribus
1441 5017 1578 5117 setas,

468 5160 748 5264 Consilium
773 5204 983 5305 quoque
1007 5169 1186 5306 majus,
1211 5194 1265 5271 et
1288 5172 1483 5273 auctior
1505 5195 1582 5275 est
1602 5176 1760 5277 ¹animi
1784 5177 1887 5279 vis:
