<?xml version="1.0" encoding="UTF-8"?>
<!DOCTYPE html PUBLIC "-//W3C//DTD XHTML 1.0 Transitional//EN"
    "http://www.w3.org/TR/xhtml1/DTD/xhtml1-transitional.dtd">
<html xmlns="http://www.w3.org/1999/xhtml" xml:lang="en" lang="en">
 <head>
  <title>
</title>
<meta http-equiv="Content-Type" content="text/html;charset=utf-8" />
  <meta name='ocr-system' content='tesseract 3.04.00' />
  <meta name='ocr-capabilities' content='ocr_page ocr_carea ocr_par ocr_line ocrx_word'/>
</head>
<body>
  <div class='ocr_page' id='page_1' title='image "./titilucretiicar05carugoog_0196.png"; bbox 0 0 4598 6112; ppageno 0'>
   <div class='ocr_carea' id='block_1_1' title="bbox 388 1100 1761 1320">
    <p class='ocr_par' dir='ltr' id='par_1_1' title="bbox 388 1100 1761 1320">
     <span class='ocr_line' id='line_1_1' title="bbox 388 1100 1761 1320; baseline 0.015 -19"><span class='ocrx_word' id='word_1_1' title='bbox 388 1100 1761 1320; x_wconf 74' lang='lat' dir='ltr'>T.nucnuuricnu1</span> 
     </span>
    </p>
   </div>
   <div class='ocr_carea' id='block_1_2' title="bbox 541 1604 1600 1705">
    <p class='ocr_par' dir='ltr' id='par_1_2' title="bbox 541 1604 1600 1705">
     <span class='ocr_line' id='line_1_2' title="bbox 541 1604 1600 1705; baseline 0.008 -9"><span class='ocrx_word' id='word_1_2' title='bbox 541 1604 667 1698; x_wconf 84' lang='lat' dir='ltr'>DE</span> <span class='ocrx_word' id='word_1_3' title='bbox 729 1605 1099 1698; x_wconf 83' lang='lat' dir='ltr'><strong><em>RERUM</em></strong></span> <span class='ocrx_word' id='word_1_4' title='bbox 1156 1605 1600 1705; x_wconf 78' lang='lat' dir='ltr'><em>NATURA</em></span> 
     </span>
    </p>
   </div>
   <div class='ocr_carea' id='block_1_3' title="bbox 585 1971 1468 2094">
    <p class='ocr_par' dir='ltr' id='par_1_3' title="bbox 585 1971 1468 2094">
     <span class='ocr_line' id='line_1_3' title="bbox 585 1971 1468 2094; baseline 0.005 -19"><span class='ocrx_word' id='word_1_5' title='bbox 585 2068 588 2075; x_wconf 89' lang='lat'><em>.</em></span> <span class='ocrx_word' id='word_1_6' title='bbox 674 1973 964 2078; x_wconf 89' lang='lat' dir='ltr'><strong>LIBER</strong></span> <span class='ocrx_word' id='word_1_7' title='bbox 1014 1971 1468 2094; x_wconf 80' lang='lat' dir='ltr'><strong>QUINTUS.</strong></span> 
     </span>
    </p>
   </div>
   <div class='ocr_carea' id='block_1_4' title="bbox 708 2444 1415 2470">
    <p class='ocr_par' dir='ltr' id='par_1_4' title="bbox 708 2444 1415 2470">
     <span class='ocr_line' id='line_1_4' title="bbox 708 2444 1415 2470; baseline 0 -3"><span class='ocrx_word' id='word_1_8' title='bbox 708 2444 1415 2470; x_wconf 81' lang='lat'>·-—--·------—--——-—--&#39;--—--——</span> 
     </span>
    </p>
   </div>
   <div class='ocr_carea' id='block_1_5' title="bbox 320 2782 1813 4368">
    <p class='ocr_par' dir='ltr' id='par_1_5' title="bbox 323 2782 1687 3324">
     <span class='ocr_line' id='line_1_5' title="bbox 324 2782 1687 2977; baseline 0.003 -36"><span class='ocrx_word' id='word_1_9' title='bbox 324 2782 491 2941; x_wconf 82' lang='lat' dir='ltr'>Qurs</span> <span class='ocrx_word' id='word_1_10' title='bbox 518 2837 652 2975; x_wconf 82' lang='lat' dir='ltr'>potis</span> <span class='ocrx_word' id='word_1_11' title='bbox 678 2810 755 2936; x_wconf 68' lang='lat' dir='ltr'>esi</span> <span class='ocrx_word' id='word_1_12' title='bbox 779 2835 994 2974; x_wconf 86' lang='lat' dir='ltr'>dignum</span> <span class='ocrx_word' id='word_1_13' title='bbox 1018 2835 1231 2974; x_wconf 85' lang='lat' dir='ltr'>pollenti</span> <span class='ocrx_word' id='word_1_14' title='bbox 1258 2860 1460 2977; x_wconf 87' lang='lat' dir='ltr'>pectore</span> <span class='ocrx_word' id='word_1_15' title='bbox 1486 2878 1687 2945; x_wconf 86' lang='lat' dir='ltr'>carmen</span> 
     </span>
     <span class='ocr_line' id='line_1_6' title="bbox 324 3008 1664 3153; baseline 0.007 -43"><span class='ocrx_word' id='word_1_16' title='bbox 324 3009 573 3131; x_wconf 82' lang='lat' dir='ltr'>Condere,</span> <span class='ocrx_word' id='word_1_17' title='bbox 599 3048 694 3148; x_wconf 88' lang='lat' dir='ltr'>pro</span> <span class='ocrx_word' id='word_1_18' title='bbox 715 3051 882 3111; x_wconf 87' lang='lat' dir='ltr'>rerum</span> <span class='ocrx_word' id='word_1_19' title='bbox 908 3011 1184 3148; x_wconf 83' lang='lat' dir='ltr'>majestate,</span> <span class='ocrx_word' id='word_1_20' title='bbox 1211 3008 1393 3151; x_wconf 86' lang='lat' dir='ltr'>hisque</span> <span class='ocrx_word' id='word_1_21' title='bbox 1419 3017 1664 3153; x_wconf 66' lang='lat' dir='ltr'>repertis?</span> 
     </span>
     <span class='ocr_line' id='line_1_7' title="bbox 323 3179 1642 3324; baseline 0.008 -43"><span class='ocrx_word' id='word_1_22' title='bbox 323 3179 513 3303; x_wconf 83' lang='lat' dir='ltr'>Quisve</span> <span class='ocrx_word' id='word_1_23' title='bbox 539 3186 673 3285; x_wconf 84' lang='lat' dir='ltr'>valet</span> <span class='ocrx_word' id='word_1_24' title='bbox 695 3184 861 3286; x_wconf 85' lang='lat' dir='ltr'>verbis</span> <span class='ocrx_word' id='word_1_25' title='bbox 887 3208 1103 3306; x_wconf 85' lang='lat' dir='ltr'>tantum,</span> <span class='ocrx_word' id='word_1_26' title='bbox 1131 3186 1223 3324; x_wconf 91' lang='lat' dir='ltr'>qui</span> <span class='ocrx_word' id='word_1_27' title='bbox 1247 3185 1440 3324; x_wconf 84' lang='lat' dir='ltr'>fingere</span> <span class='ocrx_word' id='word_1_28' title='bbox 1464 3188 1642 3291; x_wconf 83' lang='lat' dir='ltr'>laudes</span> 
     </span>
    </p>

    <p class='ocr_par' dir='ltr' id='par_1_6' title="bbox 322 3354 1411 3498">
     <span class='ocr_line' id='line_1_8' title="bbox 322 3354 1411 3498; baseline 0.002 -40"><span class='ocrx_word' id='word_1_29' title='bbox 322 3354 424 3469; x_wconf 91' lang='lat' dir='ltr'>Pro</span> <span class='ocrx_word' id='word_1_30' title='bbox 451 3360 642 3460; x_wconf 85' lang='lat' dir='ltr'>meritis</span> <span class='ocrx_word' id='word_1_31' title='bbox 667 3359 777 3497; x_wconf 87' lang='lat' dir='ltr'>ejus</span> <span class='ocrx_word' id='word_1_32' title='bbox 803 3361 974 3496; x_wconf 81' lang='lat' dir='ltr'><strong>possit,</strong></span> <span class='ocrx_word' id='word_1_33' title='bbox 1003 3360 1094 3498; x_wconf 90' lang='lat' dir='ltr'>qui</span> <span class='ocrx_word' id='word_1_34' title='bbox 1118 3358 1241 3471; x_wconf 72' lang='lat' dir='ltr'>talia</span> <span class='ocrx_word' id='word_1_35' title='bbox 1265 3358 1411 3461; x_wconf 91' lang='lat' dir='ltr'>nobis</span> 
     </span>
    </p>

    <p class='ocr_par' dir='ltr' id='par_1_7' title="bbox 321 3527 1779 3844">
     <span class='ocr_line' id='line_1_9' title="bbox 321 3527 1779 3674; baseline 0.008 -45"><span class='ocrx_word' id='word_1_36' title='bbox 321 3527 532 3631; x_wconf 83' lang='lat' dir='ltr'>Pectore</span> <span class='ocrx_word' id='word_1_37' title='bbox 559 3555 839 3668; x_wconf 73' lang='lat' dir='ltr'>parmeno,</span> <span class='ocrx_word' id='word_1_38' title='bbox 867 3531 1184 3670; x_wconf 76' lang='lat' dir='ltr'>quaesitaque</span> <span class='ocrx_word' id='word_1_39' title='bbox 1210 3534 1423 3667; x_wconf 85' lang='lat' dir='ltr'>praemia</span> <span class='ocrx_word' id='word_1_40' title='bbox 1445 3534 1628 3674; x_wconf 66' lang='lat' dir='ltr'>liquit?</span> <span class='ocrx_word' id='word_1_41' title='bbox 1775 3632 1779 3641; x_wconf 90' lang='lat'><em>.</em></span> 
     </span>
     <span class='ocr_line' id='line_1_10' title="bbox 323 3694 1627 3844; baseline 0.005 -37"><span class='ocrx_word' id='word_1_42' title='bbox 323 3703 494 3807; x_wconf 87' lang='lat' dir='ltr'>Nemo</span> <span class='ocrx_word' id='word_1_43' title='bbox 520 3712 607 3841; x_wconf 81' lang='lat' dir='ltr'>(ut</span> <span class='ocrx_word' id='word_1_44' title='bbox 631 3706 838 3844; x_wconf 81' lang='lat' dir='ltr'>opinor)</span> <span class='ocrx_word' id='word_1_45' title='bbox 864 3705 960 3805; x_wconf 88' lang='lat' dir='ltr'>erit</span> <span class='ocrx_word' id='word_1_46' title='bbox 985 3694 1183 3804; x_wconf 66' lang='lat' dir='ltr'>mortali</span> <span class='ocrx_word' id='word_1_47' title='bbox 1209 3743 1418 3843; x_wconf 81' lang='lat' dir='ltr'>corpore</span> <span class='ocrx_word' id='word_1_48' title='bbox 1444 3732 1627 3814; x_wconf 83' lang='lat' dir='ltr'>cretus.</span> 
     </span>
    </p>

    <p class='ocr_par' dir='ltr' id='par_1_8' title="bbox 320 3876 1813 4368">
     <span class='ocr_line' id='line_1_11' title="bbox 321 3876 1614 4018; baseline 0.001 -38"><span class='ocrx_word' id='word_1_49' title='bbox 321 3876 459 3980; x_wconf 86' lang='lat' dir='ltr'>Nam</span> <span class='ocrx_word' id='word_1_50' title='bbox 486 3880 543 4000; x_wconf 81' lang='lat' dir='ltr'>si,</span> <span class='ocrx_word' id='word_1_51' title='bbox 571 3904 628 3980; x_wconf 83' lang='lat' dir='ltr'>ut</span> <span class='ocrx_word' id='word_1_52' title='bbox 651 3882 762 4018; x_wconf 84' lang='lat' dir='ltr'>ipsa</span> <span class='ocrx_word' id='word_1_53' title='bbox 785 3881 915 4017; x_wconf 85' lang='lat' dir='ltr'>petit</span> <span class='ocrx_word' id='word_1_54' title='bbox 939 3879 1170 4015; x_wconf 86' lang='lat' dir='ltr'>majestas</span> <span class='ocrx_word' id='word_1_55' title='bbox 1188 3881 1400 4016; x_wconf 86' lang='lat' dir='ltr'>&#39;cognita</span> <span class='ocrx_word' id='word_1_56' title='bbox 1424 3919 1614 4003; x_wconf 87' lang='lat' dir='ltr'>rerum,</span> 
     </span>
     <span class='ocr_line' id='line_1_12' title="bbox 320 4050 1813 4180; baseline 0.003 -27"><span class='ocrx_word' id='word_1_57' title='bbox 320 4051 613 4155; x_wconf 85' lang='lat' dir='ltr'>Dicendum</span> <span class='ocrx_word' id='word_1_58' title='bbox 637 4075 742 4177; x_wconf 83' lang='lat' dir='ltr'>est3</span> <span class='ocrx_word' id='word_1_59' title='bbox 771 4050 915 4152; x_wconf 86' lang='lat' dir='ltr'>Deus</span> <span class='ocrx_word' id='word_1_60' title='bbox 943 4052 1028 4151; x_wconf 85' lang='lat' dir='ltr'>ille</span> <span class='ocrx_word' id='word_1_61' title='bbox 1053 4050 1168 4173; x_wconf 86' lang='lat' dir='ltr'>fuit,</span> <span class='ocrx_word' id='word_1_62' title='bbox 1191 4050 1351 4174; x_wconf 72' lang='lat' dir='ltr'>Beue,</span> <span class='ocrx_word' id='word_1_63' title='bbox 1369 4054 1559 4154; x_wconf 84' lang='lat' dir='ltr'>inclute</span> <span class='ocrx_word' id='word_1_64' title='bbox 1581 4054 1813 4180; x_wconf 73' lang='lat' dir='ltr'>Memmi,</span> 
     </span>
     <span class='ocr_line' id='line_1_13' title="bbox 321 4223 1623 4368; baseline 0.005 -43"><span class='ocrx_word' id='word_1_65' title='bbox 321 4223 427 4345; x_wconf 84' lang='lat' dir='ltr'>Qui</span> <span class='ocrx_word' id='word_1_66' title='bbox 453 4226 691 4365; x_wconf 85' lang='lat' dir='ltr'>princeps</span> <span class='ocrx_word' id='word_1_67' title='bbox 715 4227 840 4326; x_wconf 80' lang='lat' dir='ltr'>vitae</span> <span class='ocrx_word' id='word_1_68' title='bbox 856 4227 1103 4326; x_wconf 84' lang='lat' dir='ltr'>rationem</span> <span class='ocrx_word' id='word_1_69' title='bbox 1130 4227 1324 4327; x_wconf 85' lang='lat' dir='ltr'>invenit</span> <span class='ocrx_word' id='word_1_70' title='bbox 1347 4265 1474 4347; x_wconf 85' lang='lat' dir='ltr'>earn,</span> <span class='ocrx_word' id='word_1_71' title='bbox 1504 4266 1623 4368; x_wconf 87' lang='lat' dir='ltr'>quae</span> 
     </span>
    </p>
   </div>
   <div class='ocr_carea' id='block_1_6' title="bbox 66 4397 1645 4541">
    <p class='ocr_par' dir='ltr' id='par_1_9' title="bbox 66 4397 1645 4541">
     <span class='ocr_line' id='line_1_14' title="bbox 66 4397 1645 4541; baseline -0.001 -36"><span class='ocrx_word' id='word_1_72' title='bbox 66 4492 74 4505; x_wconf 93' lang='lat'><strong>.</strong></span> <span class='ocrx_word' id='word_1_73' title='bbox 143 4508 146 4515; x_wconf 74' lang='grc'><strong>,</strong></span> <span class='ocrx_word' id='word_1_74' title='bbox 174 4530 177 4535; x_wconf 22' lang='grc' dir='ltr'>Ι</span> <span class='ocrx_word' id='word_1_75' title='bbox 320 4397 478 4502; x_wconf 86' lang='lat' dir='ltr'>Nunc</span> <span class='ocrx_word' id='word_1_76' title='bbox 505 4399 793 4538; x_wconf 83' lang='lat' dir='ltr'>adpella‘tur</span> <span class='ocrx_word' id='word_1_77' title='bbox 818 4397 1107 4537; x_wconf 85' lang='lat' dir='ltr'>Sapientia;</span> <span class='ocrx_word' id='word_1_78' title='bbox 1147 4403 1341 4541; x_wconf 88' lang='lat' dir='ltr'>quique</span> <span class='ocrx_word' id='word_1_79' title='bbox 1366 4440 1460 4539; x_wconf 84' lang='lat' dir='ltr'>per</span> <span class='ocrx_word' id='word_1_80' title='bbox 1486 4427 1645 4504; x_wconf 84' lang='lat' dir='ltr'>artem</span> 
     </span>
    </p>
   </div>
   <div class='ocr_carea' id='block_1_7' title="bbox 226 4572 1654 5071">
    <p class='ocr_par' dir='ltr' id='par_1_10' title="bbox 226 4572 1654 5071">
     <span class='ocr_line' id='line_1_15' title="bbox 320 4572 1556 4716; baseline 0.001 -40"><span class='ocrx_word' id='word_1_81' title='bbox 320 4572 583 4676; x_wconf 88' lang='lat' dir='ltr'>Fluctibus</span> <span class='ocrx_word' id='word_1_82' title='bbox 609 4614 636 4675; x_wconf 92' lang='lat' dir='ltr'>e</span> <span class='ocrx_word' id='word_1_83' title='bbox 663 4577 815 4687; x_wconf 67' lang='lat' dir='ltr'>tantis</span> <span class='ocrx_word' id='word_1_84' title='bbox 838 4576 1010 4696; x_wconf 86' lang='lat' dir='ltr'>vitam,</span> <span class='ocrx_word' id='word_1_85' title='bbox 1033 4576 1292 4716; x_wconf 84' lang='lat' dir='ltr'>tantisque</span> <span class='ocrx_word' id='word_1_86' title='bbox 1317 4574 1556 4696; x_wconf 70' lang='lat' dir='ltr'>cenchrin,</span> 
     </span>
     <span class='ocr_line' id='line_1_16' title="bbox 319 4745 1576 4892; baseline -0.002 -41"><span class='ocrx_word' id='word_1_87' title='bbox 319 4745 382 4865; x_wconf 89' lang='lat' dir='ltr'>ln</span> <span class='ocrx_word' id='word_1_88' title='bbox 407 4770 512 4851; x_wconf 86' lang='lat' dir='ltr'>tam</span> <span class='ocrx_word' id='word_1_89' title='bbox 535 4750 830 4892; x_wconf 82' lang='lat' dir='ltr'>tranquillo,</span> <span class='ocrx_word' id='word_1_90' title='bbox 856 4771 1035 4849; x_wconf 81' lang='lat' dir='ltr'>ettam</span> <span class='ocrx_word' id='word_1_91' title='bbox 1059 4750 1194 4851; x_wconf 82' lang='lat' dir='ltr'>clara</span> <span class='ocrx_word' id='word_1_92' title='bbox 1216 4750 1331 4850; x_wconf 87' lang='lat' dir='ltr'>luce</span> <span class='ocrx_word' id='word_1_93' title='bbox 1356 4749 1576 4851; x_wconf 85' lang='lat' dir='ltr'>locavit.·</span> 
     </span>
     <span class='ocr_line' id='line_1_17' title="bbox 226 4923 1654 5071; baseline -0.001 -45"><span class='ocrx_word' id='word_1_94' title='bbox 226 5056 235 5071; x_wconf 30' lang='grc' dir='ltr'>ι</span> <span class='ocrx_word' id='word_1_95' title='bbox 391 4923 582 5027; x_wconf 85' lang='lat' dir='ltr'>Confer</span> <span class='ocrx_word' id='word_1_96' title='bbox 604 4924 739 5024; x_wconf 85' lang='lat' dir='ltr'>enirn</span> <span class='ocrx_word' id='word_1_97' title='bbox 766 4924 937 5027; x_wconf 84' lang='lat' dir='ltr'>divina</span> <span class='ocrx_word' id='word_1_98' title='bbox 962 4924 1176 5024; x_wconf 86' lang='lat' dir='ltr'>aliorum</span> <span class='ocrx_word' id='word_1_99' title='bbox 1199 4925 1415 5061; x_wconf 83' lang='lat' dir='ltr'>antiqua</span> <span class='ocrx_word' id='word_1_100' title='bbox 1440 4945 1654 5062; x_wconf 82' lang='lat' dir='ltr'>reperta.</span> 
     </span>
    </p>
   </div>
   <div class='ocr_carea' id='block_1_8' title="bbox 318 5095 1675 5241">
    <p class='ocr_par' dir='ltr' id='par_1_11' title="bbox 318 5095 1675 5241">
     <span class='ocr_line' id='line_1_18' title="bbox 318 5095 1675 5241; baseline -0.003 -37"><span class='ocrx_word' id='word_1_101' title='bbox 318 5096 561 5241; x_wconf 85' lang='lat' dir='ltr'>Namque</span> <span class='ocrx_word' id='word_1_102' title='bbox 589 5096 742 5204; x_wconf 87' lang='lat' dir='ltr'>Ceres</span> <span class='ocrx_word' id='word_1_103' title='bbox 767 5097 930 5201; x_wconf 86' lang='lat' dir='ltr'>fertur</span> <span class='ocrx_word' id='word_1_104' title='bbox 954 5097 1144 5237; x_wconf 82' lang='lat' dir='ltr'>fruges,</span> <span class='ocrx_word' id='word_1_105' title='bbox 1173 5096 1434 5236; x_wconf 88' lang='lat' dir='ltr'>Liberque</span> <span class='ocrx_word' id='word_1_106' title='bbox 1460 5095 1675 5237; x_wconf 83' lang='lat' dir='ltr'>liquoris</span> 
     </span>
    </p>
   </div>
   <div class='ocr_carea' id='block_1_9' title="bbox 0 0 2304 6112">
    <p class='ocr_par' dir='ltr' id='par_1_12' title="bbox 0 0 2304 6112">
     <span class='ocr_line' id='line_1_19' title="bbox 0 0 2304 6112; baseline 0 5"><span class='ocrx_word' id='word_1_107' title='bbox 0 0 2304 6112; x_wconf 95' lang='lat' dir='ltr'> </span> 
     </span>
    </p>
   </div>
  </div>
 </body>
</html>
