4598 6112
746 526 1024 617 LIBER
1087 523 1499 619 QUINTUS.
1659 519 1662 525 ’
1793 527 1896 626 299

400 787 662 888 Fluctibus
688 787 741 886 in
767 754 906 886 salsis
929 785 1118 887 victum
1142 786 1403 927 vitamque
1428 811 1677 924 petentes,

400 959 577 1099 Longe
603 963 724 1061 alias
748 959 846 1060 alio
864 959 1065 1096 jaciunt
1089 963 1396 1100 intempore
1421 1001 1595 1087 voees3

399 1134 469 1270 Et
494 1175 650 1274 quom
676 1135 741 1235 de
765 1136 903 1235 victu
928 1103 1140 1253 certant,
1168 1137 1447 1274 praedaque
1471 1158 1777 1275 repugnant.

400 1312 468 1412 Et
493 1313 675 1449 partim
703 1332 904 1414 mutant
927 1348 1040 1410 curn
1067 1310 1451 1446 tempestatibus
1477 1349 1579 1411 una

283 1534 286 1539 ·
399 1485 708 1587 Raucisonos
733 1507 927 1604 cantus,
955 1485 1214 1584 cornicum
1237 1507 1297 1583 ut
1321 1485 1468 1586 saecla
1485 1507 1698 1603 vetusta,

401 1661 783 1800 Corvorumque
808 1677 1004 1797 greges,
1033 1655 1121 1758 ubi
1146 1695 1331 1796 aquam
1358 1659 1599 1761 dicuntur
1616 1682 1669 1760 et
1687 1657 1891 1760 imbrais

398 1837 627 1957 Poscere,
655 1860 707 1937 et
730 1835 988 1935 interdum
1012 1858 1187 1936 ventos
1210 1823 1463 1975 aurasque
1486 1874 1679 1937 vocare.

468 2007 623 2145 Ergo,
651 2007 690 2106 si
715 2006 840 2106 varii
867 2045 1040 2113 sensus
1065 2009 1302 2108 animalia
1326 2031 1532 2146 cogunt,

398 2162 551 2282 Muta
575 2204 744 2280 tamen
772 2217 928 2318 quom
955 2184 1071 2302 sint,
1100 2184 1258 2283 varias
1283 2185 1511 2284 emittere
1534 2167 1707 2284 voces:

400 2353 608 2474 Quanto
633 2354 887 2455 mortaleis
912 2358 1072 2495 magis
1097 2397 1304 2496 aequum
1330 2386 1405 2462 est
1429 2386 1538 2462 tum
1562 2363 1786 2500 potuisse

398 2528 701 2630 Dissimileis
726 2530 1004 2673 aliaatque
1031 2531 1129 2631 alia
1152 2569 1231 2633 res
1256 2540 1609 2662 vocclnotarel

468 2706 602 2808 Illud
629 2709 683 2807 in
709 2704 787 2806 his
812 2704 965 2837 rebus
989 2705 1173 2807 tacitus
1198 2746 1260 2809 ne
1286 2707 1415 2810 forte
1441 2712 1701 2848 requiras:

398 2872 613 2982 Fulmen
639 2881 822 2982 detulit
846 2881 899 2979 in
924 2903 1084 2980 terras
1109 2854 1404 2983 mortalibus
1429 2886 1601 3022 ignem

397 3055 668 3155 Primitus:
708 3054 827 3154 inde
852 3055 1014 3153 omnis
1040 3056 1356 3155 flammarum
1385 3054 1580 3156 diditur
1604 3056 1769 3162 ardor.

374 3226 569 3329 Multa
594 3229 821 3330 videmus
847 3229 980 3344 enim
1008 3228 1292 3331 coelestibus
1317 3232 1472 3331 incita
1494 3232 1712 3334 flammis

398 3402 632 3542 Fulgere,
661 3443 815 3542 quom
842 3405 954 3505 coeli
979 3404 1186 3505 donavit
1211 3405 1363 3541 plaga
1385 3441 1611 3541 vapores.

398 3573 466 3674 Et
491 3616 684 3677 ramosa
709 3601 878 3677 tamen
904 3616 1060 3714 quom
1086 3581 1248 3679 ventis
1272 3578 1422 3715 pulsa
1444 3578 1684 3682 vacillans

395 3749 603 3849 AEstuat
626 3752 678 3850 in
704 3788 868 3853 ramos
894 3753 1191 3852 incumbens
1215 3750 1407 3851 arboris
1432 3746 1600 3869 arbor,

397 3923 720 4061 Exprimitur
744 3925 921 4026 validis
947 3929 1162 4049 extritus
1185 3925 1379 4027 viribus
1397 3910 1559 4062 ignis}

397 4096 595 4208 Emicat
621 4096 875 4200 interdum
900 4102 1122 4201 flammai
1147 4098 1370 4202 fervidus
1395 4096 1561 4216 ardor,

398 4269 585 4372 Mutua
609 4273 733 4373 dum
760 4275 891 4374 inter
915 4313 966 4374 se
992 4277 1119 4376 rami
1145 4276 1432 4413 stirpesque
1457 4292 1723 4375 teruntur:
1878 4288 1901 4383 ξγ
2038 4293 2041 4296 ’

397 4445 629 4566 Quorum
656 4473 933 4589 utrumque
959 4450 1156 4551 dedisse
1183 4471 1350 4586 potest
1375 4445 1675 4588 mortalibus
1699 4449 1887 4584 ignem.

465 4621 593 4723 Inde
618 4623 791 4725 cibum
816 4662 1051 4763 coquere,
1080 4662 1145 4725 ac.
1162 4625 1387 4725 flammae
1406 4624 1601 4728 mollire
1618 4659 1804 4758 vapore
1934 4648 1971 4717 .·

397 4799 480 4899 Sol
510 4798 698 4918 docuit,
723 4801 965 4938 quoniam
990 4800 1249 4898 mitescere
1274 4799 1437 4899 multa
1455 4794 1701 4898 ‚videbant
1852 4820 1886 4838 ⁴·

394 4971 707 5075 Verberibus
732 4973 1007 5093 radiorum,
1035 4993 1190 5110 atque
1216 4993 1341 5071 aestu
1368 4972 1501 5073 victa
1525 5006 1618 5106 per
1643 5006 1806 5106 agros.

398 5145 563 5287 Inque
589 5146 696 5248 dies
722 5148 881 5286 magis
904 5149 961 5249 in
983 5148 1173 5282 victum
1194 5146 1455 5284 vitamque
1479 5144 1701 5284 priorem
1756 5198 1763 5206 ·
1789 5244 1793 5251 .
