4598 6112
663 530 669 537 -
720 442 994 586 tiana
1057 449 1457 588 rnarlus
1503 507 1508 515 ·
1723 492 1833 598 ³119

339 752 601 892 Serpentis
627 752 842 855 caudam
866 758 1085 892 procero
1107 794 1337 895 corpore,
1363 757 1625 895 utrimque

338 927 417 1030 Sit
442 913 649 1031 libitu-m
672 931 727 1029 in·
750 930 937 1030 multas
960 935 1154 1068 parteis
1175 932 1464 1033 discindere
1483 931 1633 1052 ferr0,

339 1077 531 1204 Omnia
546 1104 658 1240 jam
681 1132 907 1206 seorsum
931 1144 1103 1207 cernes
1130 1109 1315 1209 amcisa
1338 1106 1532 1207 recenti

335 1273 562 1379 Volnera
584 1279 781 1399 tortari,
808 1302 860 1378 et
883 1302 1070 1380 terram
1098 1320 1432 1421 conspergere
1458 1281 1595 1403 tabo,
1622 1310 1627 1323 “
1665 1330 1669 1339 ’

337 1448 508 1603 lpsam
535 1451 690 1595 seque
716 1477 852 1555 retro
877 1479 1074 1593 partem
1100 1478 1273 1595 petere
1299 1495 1385 1557 ore
1411 1457 1653 1594 priorem,

335 1627 573 1730 Vulneris
597 1628 795 1731 ardenti
821 1654 881 1731 ut
904 1668 1071 1730 morsu
1098 1653 1297 1766 premat
1320 1632 1419 1732 icta
1444 1607 1631 1732 dolore.

339 1802 595 1905 Omnibus
620 1843 727 1905 esse
750 1806 910 1943 igitur
933 1826 1068 1905 totas
1090 1804 1314 1906 dicemus
1339 1806 1390 1906 in
1417 1806 1517 1905 illis

337 1974 604 2125 Particulis
630 1981 820 2080 animas
837 1985 862 2082 i
894 2004 947 2082 at
971 1983 1248 2082 curatione
1275 2002 1536 2119 sequetur,

336 2151 387 2254 'U
391 2191 506 2253 nam
534 2155 842 2254 animantem
868 2156 1060 2256 animas
1078 2152 1311 2255 habuisse
1331 2155 1382 2255 in
1403 2164 1611 2292 corpore
1627 2153 1830 2257 multas.

337 2325 478 2467 Ergo
504 2300 663 2432 divisa
688 2354 763 2431 est
787 2368 866 2451 ea,
891 2368 1007 2470 quae
1027 2330 1125 2432 fuit
1147 2369 1251 2431 una
1276 2330 1427 2431 simul
1451 2369 1569 2431 curn
1649 2314 1659 2331 ⁶
1715 2411 1718 2417 .
1813 2366 1822 2421 .·

339 2504 581 2644 Corpore,
599 2529 917 2648 quapropter
927 2506 1136 2607 mortale
1152 2506 1722 2645 utrumqueputa'ndum
1737 2530 1828 2628 est,

336 2679 398 2783 Iu
427 2684 610 2784 multas
636 2685 879 2823 quoniam
903 2684 1097 2822 parteis
1118 2680 1419 2782 discinditur
1443 2720 1614 2820 aeque.

406 2857 676 2979 Praeterea,
705 2860 745 2959 si
770 2859 1066 2960 immortalis
1091 2879 1273 2956 natura
1297 2855 1484 2955 animai
1538 2958 1543 2969 ,

339 3031 567 3157 Constat,
594 3037 720 3135 etin
749 3072 933 3172 corpus
958 3029 1280 3134 nascentibus
1306 3031 1612 3149 insinuatur,

340 3202 446 3306 Cur
471 3245 625 3346 super
650 3230 933 3308 anteactam
959 3229 1159 3308 aetatem
1185 3205 1778 3342 meminisse-nequimus

338 3379 452 3483 Nec
477 3359 689 3523 vestigia
713 3408 969 3523 gestarum
998 3422 1165 3483 rernm
1194 3382 1585 3493 ullatenemusi

337 3557 477 3660 Nam
503 3560 543 3661 si
567 3541 832 3697 tantopere
859 3581 934 3659 est
960 3558 1113 3660 animi
1135 3561 1333 3657 ¹mutata
1355 3578 1587 3693 potestas·
1728 3598 1731 3603 ·

338 3731 520 3834 Omnis
547 3755 606 3833 ut
629 3757 853 3857 aeta-rum
881 3733 1127 3835 exciderit
1151 3731 1423 3832 retinentia
1444 3767 1640 3850 rerum,
1683 3781 1686 3786 ¹

190 3950 193 3955 ’
337 3903 460 4005 Non
488 3911 573 4042 (ut
598 3909 806 4043 opinor)
833 3910 888 4009 id·
913 3908 978 4010 ab
1002 3907 1140 4008 letho
1158 3908 1266 4045 jam
1292 3906 1514 4044 longiter
1536 3927 1692 4006 errat..

337 4077 666 4218 Quapropter
690 4079 879 4183 fateare
905 4111 1115 4184 necesse·
1132 4104 1230 4201 est,
1252 4119 1369 4219 quac
1396 4079 1496 4180 fuit
1520 4103 1640 4179 ante

180 4319 189 4338 ·
309 4238 612 4378 interiisse,
634 4281 688 4359 et
713 4297 831 4396 quae
857 4296 994 4359 nunc
1020 4277 1095 4355 est
1121 4294 1258 4356 nune
1284 4264 1391 4356 esse
1416 4279 1658 4358 creatam..

369 4572 372 4579 ι
408 4430 679 4553 Praeterea,
705 4436 744 4533 si
763 4433 871 4572 jam
889 4431 1115 4571 perfecto
1142 4463 1351 4570 corpore
1377 4426 1523 4532 nobis

286 4590 289 4597 ⁵
336 4603 522 4708 inferri
546 4609 694 4708 solita
717 4631 796 4708 est
821 4609 980 4709 animi.
999 4608 1164 4707 vivata
1188 4627 1411 4741 potestas

334 4781 466 4884 Tum
496 4821 653 4920 quom
680 4785 944 4923 gignimur
969 4804 1021 4882 et
1042 4785 1162 4882 vitae
1187 4821 1342 4920 quom
1370 4786 1524 4886 limen
1549 4787 1760 4907 inimnS,

337 4956 500 5059 Haud«
524 4958 594 5057 ita
618 4923 955 5058 conveniebat
979 4957 1191 5057 uticum
1218 4995 1437 5096 corpore·
1453 4984 1504 5060 et
1529 5000 1631 5062 una
1774 5077 1777 5085 ¹

338 5130 468 5234 Cum
495 5108 737 5233 mem'bris
758 5132 991 5234 videatur
1014 5132 1203 5272 inipso
1228 5136 1475 5274 sanguine
1495 5137 1718 5263 crdssep'·
1773 5133 1811 5217 θ’
1893 5246 1901 5255 ,
