4598 6112
470 472 569 572 134
834 484 892 572 r.
945 424 1381 576 Locnbrrr
1421 484 1661 576 enar

540 737 652 840 Hoc
679 740 831 839 etiam
856 739 949 839 tibi
977 765 1087 844 tute
1114 743 1368 843 interdum
1396 742 1562 843 dicere
1588 745 1776 879 possis:
1859 798 1863 805 ·

470 911 689 1014 Lumina
717 915 781 1013 sis
807 915 965 1014 oeulis
991 919 1140 1017 etiam
1169 916 1332 1018 bonus
1349 917 1520 1018 Ancus
1547 917 1770 1054 reliquit,

470 1085 574 1207 Qui
602 1089 779 1188 melior
804 1089 991 1208 multis,
1019 1126 1172 1226 quam
1199 1112 1274 1208 tu,
1301 1087 1414 1209 fnit,
1441 1089 1690 1225 improbe,
1719 1087 1886 1190 rebus

449 1258 597 1381 ,Inde
623 1263 707 1362 alii
735 1264 881 1362 multi
910 1302 1069 1399 regeS,
1096 1301 1369 1401 rerumque
1396 1286 1628 1399 potentes

471 1435 801 1554 Occiderunt,
830 1437 1025 1572 magnis
1052 1437 1142 1574 qui
1167 1435 1406 1573 gentibus
1432 1438 1804 1574 imperitArunt.

539 1605 633 1708 llle
677 1645 884 1745 quoque
923 1607 1048 1743 ipse,
1093 1609 1222 1708 viam
1267 1611 1357 1747 qui
1396 1611 1655 1748 quondam
1691 1648 1785 1749 per
1822 1648 1959 1712 mare

607 1820 847 1918 magnum

470 1953 675 2075 Stravit,
703 1957 901 2101 iterque
929 1955 1072 2056 dedit
1094 1955 1379 2094 legionibus
1405 1959 1477 2057 ire
1503 1997 1595 2097 per
1620 1961 1796 2079 altum,

468 2129 544 2228 Ac
570 2127 790 2266 pedibus
818 2130 967 2229 salsas
995 2132 1166 2233 docuit
1191 2170 1345 2269 super
1370 2134 1441 2230 ire
1468 2132 1687 2252 lacunas,

472 2300 539 2405 Et
565 2306 881 2442 contempsit,
910 2309 1055 2444 aquis
1082 2307 1344 2425 insultans,
1372 2343 1632 2406 murmura
1657 2306 1817 2442 ponti,

470 2473 690 2577 Lumine
719 2478 974 2616 adempte,
1002 2481 1216 2579 animam
1246 2477 1550 2578 moribundo
1575 2516 1782 2616 corpore
1809 2479 1960 2581 fudit.
2058 2590 2061 2595 ,

488 2724 491 2731 ,
541 2655 814 2794 Scipiades,
841 2654 962 2755 belli
989 2655 1198 2772 fulmen,
1229 2651 1549 2788 Carthaginis
1576 2650 1768 2772 horror,

472 2825 603 2928 Ossa
628 2828 770 2928 dedit
793 2851 959 2949 terrae,
987 2824 1200 2965 proinde
1226 2863 1282 2924 ac
1309 2821 1467 2922 famul
1493 2824 1697 2925 infimus
1723 2848 1866 2926 esset.

540 3003 690 3103 Adde
717 2992 997 3142 repertores
1025 3000 1382 3120 doctrinarum,
1409 3023 1564 3137 atque
1591 2998 1839 3134 leporum,

469 3179 619 3279 Adde
638 3176 1028 3276 Heliconiadum
1049 3174 1282 3295 comites3
1322 3208 1539 3308 quorum
1561 3210 1693 3271 unus
1711 3170 1964 3273 Homerus
2122 3276 2129 3283 ,

472 3353 682 3492 Sceptra
709 3352 918 3488 potitus,
946 3348 1121 3448 eadem
1148 3347 1256 3503 aliis
1282 3346 1476 3482 sopitus
1502 3348 1673 3485 quiete
1701 3371 1809 3448 est..

542 3526 784 3664 Denique
812 3523 1162 3624 Democritum
1189 3540 1459 3657 postquam
1487 3546 1683 3623 matura
1709 3546 1930 3625 vetustas

470 3701 753 3800 Admonuit
781 3734 1052 3796 memorem
1078 3716 1243 3792 motus
1267 3693 1592 3829 languescere
1622 3698 1817 3818 mentio,
1916 3818 1919 3823 ἢ

475 3872 668 4011 Sponte
696 3912 785 3973 sua
810 3870 949 3971 letho
976 3895 1133 4008 caput
1157 3868 1335 3969 obvius
1360 3867 1563 3999 obtulit.
1639 3870 1757 4010 lpse

475 4044 496 4147 l
504 4085 591 4184 pse
621 4045 874 4183 Epicurus
899 4043 1006 4144 oblt
1033 4043 1242 4145 decurso
1266 4043 1459 4141 lumine
1485 4044 1617 4163 vitae,

477 4219 582 4338 Qui
606 4256 767 4355 genus
793 4216 1070 4319 humanum
1097 4219 1302 4358 ingenio
1328 4219 1599 4357 superavit,
1629 4241 1681 4318 et
1704 4222 1898 4320 omneis

476 4385 748 4507 liestinxit,
777 4389 943 4489 stellas
970 4414 1174 4491 exortus
1202 4394 1271 4491 uti
1301 4391 1539 4492 aetherius
1566 4392 1655 4490 sol.

512 4660 516 4669 .
542 4560 622 4662 Tu
650 4598 767 4661 vero
794 4559 1067 4681 dubitabis,
1096 4587 1148 4662 et
1172 4558 1504 4701 indignabere
1528 4562 1686 4685 obire,

476 4736 684 4840 Mortua
710 4734 833 4873 quoi
858 4735 959 4834 vita
984 4758 1060 4835 est
1085 4773 1245 4875 prope
1262 4736 1370 4873 jam
1395 4736 1523 4856 vive,
1564 4759 1717 4875 atque
1742 4739 1968 4846 videnti?

479 4910 583 5032 Qui
610 4948 784 5011 somno
809 4932 1005 5046 partem
1032 4911 1272 5050 majorem
1298 4911 1515 5013 conteris
1541 4914 1666 5012 aevit

479 5085 549 5187 Et
572 5082 785 5220 vigilans
812 5084 992 5206 stertis,
1020 5124 1113 5187 neo
1139 5088 1332 5188 somnia
1355 5122 1559 5188 cernere
1585 5124 1760 5208 cessas
