4598 6112
455 489 556 608 rso
772 495 831 582 r.
899 491 1335 582 uuonarrr
1402 493 1614 584 canl

452 749 505 849 Si
531 752 697 850 minus
722 789 828 850 esse
852 775 1020 888 potest
1045 786 1199 888 quam
1226 749 1366 887 quod
1392 749 1518 850 nihil
1544 792 1649 853 esse
1675 753 1919 862 videmus,

450 922 620 1062 Major
643 926 777 1025 enirn
803 924 969 1025 t'urbae
997 923 1232 1061 disjectus
1259 926 1485 1025 materiai

452 1096 796 1236 Consequitur
819 1095 974 1217 leth0,
1003 1136 1096 1195 nec
1121 1098 1390 1234 quisquam
1417 1101 1713 1239 expergitus
1737 1121 1918 1218 exstat,

451 1272 658 1411 Frigida
684 1312 837 1412 quern
864 1272 1018 1372 semel
1045 1294 1121 1370 est
1145 1273 1265 1371 vitai
1290 1310 1448 1409 pausa
1472 1270 1658 1375 secuta‘.

448 1510 452 1517 ·
522 1447 764 1587 Denique
790 1448 830 1546 si
855 1484 1027 1547 vocem
1055 1483 1223 1544 rerum
1247 1470 1427 1546 natura
1452 1470 1661 1584 repente

451 1619 643 1742 Mittat,
666 1645 717 1723 et
742 1620 836 1722 hoo
863 1620 1054 1758 aliquoi
1079 1622 1305 1719 nostrdrn
1333 1623 1403 1721 sic
1427 1622 1654 1759 increpet
1680 1623 1819 1759 ipsa;

451 1794 588 1915 Quid
617 1797 709 1896 tibi
736 1819 1000 1932 tantopere
1026 1815 1117 1913 est,
1145 1794 1383 1915 mortalis
1411 1794 1551 1933 quod
1578 1797 1725 1895 nimis
1750 1796 1900 1934 aegris

451 1968 699 2071 Luctibus
724 1970 990 2107 indulges?
1030 1968 1155 2107 quid
1183 1992 1393 2069 mortem
1422 1971 1693 2108 congemis
1715 2007 1773 2070 ao
1798 1970 1922 2070 ssesi

451 2142 587 2253 Nam
615 2147 656 2244 si
680 2167 825 2283 grata
848 2143 946 2242 fuir
971 2141 1063 2240 tibi
1090 2142 1193 2242 vita
1217 2166 1460 2267 anteacta,
1489 2147 1746 2285 priorque,

453 2318 521 2420 Et
545 2358 642 2418 non
670 2318 840 2418 omnia
864 2338 1127 2452 pertusum
1153 2342 1391 2456 congesta
1415 2323 1559 2459 quasi
1584 2323 1634 2420 in
1662 2360 1751 2423 vas

452 2493 730 2599 Commoda
752 2495 1059 2630 perfluxere,
1087 2478 1241 2629 atque
1267 2495 1467 2633 ingrata
1490 2495 1757 2598 interiere:
1877 2548 1880 2553 ·

451 2667 559 2770 Cur
585 2708 704 2788 non,
730 2691 788 2766 ut
811 2667 995 2804 plenus
1019 2667 1136 2767 vitae
1161 2668 1384 2787 conviva,
1409 2668 1617 2790 recedis,

447 2842 626 2983 AEquo
650 2842 922 2978 animoque
948 2839 1086 2975 capis
1110 2875 1351 2961 securam,
1379 2842 1546 2963 stulte,
1576 2845 1838 2981 quietem?

448 3019 538 3122 Sin
565 3059 625 3121 ea
650 3057 767 3157 quae
794 3018 988 3117 fructus
1013 3054 1233 3155 qumque
1258 3054 1311 3116 es
1335 3017 1529 3154 periere
1556 3015 1778 3154 profusa,

446 3194 672 3333 Vitaque
696 3197 748 3294 in
776 3191 972 3293 offensu
999 3215 1103 3316 est3
1141 3230 1233 3291 cur
1257 3191 1474 3326 amplius
1499 3189 1686 3290 addere
1713 3191 1903 3329 quaeris

449 3375 671 3478 Rursum
693 3374 832 3515 quod
860 3395 1034 3511 pereat
1058 3373 1188 3472 male
1208 3393 1259 3470 ct
1279 3355 1534 3506 ingratum
1550 3368 1746 3468 occidat
1764 3406 1939 3476 omne:

451 3550 566 3654 Neo
591 3550 760 3689 potius
784 3549 901 3648 vitoe
927 3548 1082 3647 finem
1109 3547 1246 3665 facis,
1273 3567 1426 3680 atque
1452 3539 1669 3640 laboris?

449 3727 586 3829 Nam
611 3724 705 3824 tibi
732 3686 977 3860 praeterea
1001 3719 1140 3858 quod
1168 3716 1440 3833 machiner,
1467 3715 1824 3852 inveniamque

451 3898 606 4021 Quod
631 3902 845 4037 placeat,
870 3895 996 3996 nihil
1023 3919 1129 3997 cst:
1167 3891 1341 3994 eadem
1369 3911 1488 3988 sunt
1513 3890 1682 3987 omnia
1706 3926 1922 4026 semper.

452 4075 506 4175 Si
531 4073 625 4189 tihi
647 4072 753 4171 'non
779 4072 926 4170 annis
949 4107 1130 4206 corpus
1148 4068 1253 4205 jam
1282 4085 1486 4182 marcet,
1514 4085 1566 4161 et
1590 4085 1728 4162 artus
1849 4190 1858 4217 1

452 4247 682 4349 Confecti
708 4246 979 4381 languent:
1020 4244 1197 4344 eadem
1222 4265 1390 4340 tamen
1416 4239 1586 4338 omnia
1609 4259 1815 4358 restant,

452 4411 642 4524 Omnia
666 4419 706 4518 si
733 4455 912 4554 pergas
937 4416 1153 4518 vivendo
1177 4416 1376 4515 vincere
1403 4413 1550 4512 saecla
1564 4451 1579 4535 ;

450 4598 623 4735 Atque
648 4594 798 4692 etiam
824 4593 1009 4729 potius,
1037 4592 1075 4689 si
1104 4626 1370 4729 nunquam
1397 4588 1461 4688 sis
1487 4586 1776 4721 meriturus.

450 4744 598 4889 Quid
618 4764 1027 4903 respondeamus,
1053 4765 1150 4865 nisi
1166 4764 1356 4901 justam
1381 4750 1644 4861 intendere
1669 4761 1812 4863 litem

451 4943 721 5060 Naturam,
749 4961 799 5039 et
824 4977 998 5040 veram
1022 4937 1190 5042 verbis
1215 4978 1470 5078 exponere
1495 4944 1734 5041 causam?

518 5117 591 5223 At
615 5115 705 5257 qui
729 5112 925 5216 obitum
951 5115 1257 5218 lamentetur
1281 5116 1431 5216 miser
1456 5113 1672 5252 amplius
1696 5150 1863 5254 aequo,
