4598 6112
418 542 515 660 176
736 547 796 637 Τ.
864 545 1292 637 LUCRETII
1356 544 1567 637 CARI

408 808 534 910 Tam
562 807 722 944 magis
750 808 801 905 in
827 803 1021 906 somnis
1055 791 1234 906 eadem
1262 808 1439 908 saevire
1464 845 1725 909 necessum
1746 833 1836 910 est.

411 983 484 1082 At
506 981 658 1082 variae
683 978 893 1116 fugiunt
918 962 1161 1097 volueres,
1188 980 1475 1117 pennisque
1499 1005 1728 1118 repente-

413 1154 698 1255 Sollicitant
723 1152 895 1254 divdm
922 1164 1171 1250 nocturno
1195 1173 1425 1289 tempore
1449 1154 1606 1273 lucos,

408 1327 691 1464 Accipitres
717 1363 892 1426 somno
918 1325 971 1423 in
997 1323 1100 1423 leni
1126 1325 1385 1462 siproelia‚
1413 1365 1717 1471 pugnasque

411 1500 578 1603 Edere
605 1523 725 1602 sunt
747 1520 1104 1637 persectantes,
1122 1500 1347 1639 visaeque
1372 1502 1614 1606 volantes.

438 1660 440 1664 ⁵
467 1671 627 1776 Porro
643 1672 904 1774 hominum
923 1694 1115 1772 mentes
1134 1674 1331 1812 magnis
1347 1713 1464 1815 quae
1481 1677 1703 1780 motibus
1723 1680 1900 1804 edunt,
1997 1788 2011 1807 ‚

410 1847 606 1989 Magna
632 1850 808 1950 itidem
828 1885 961 1985 saepe
982 1848 1033 1948 in
1054 1849 1240 1953 somnis
1258 1846 1573 1988 faciuntque,
1595 1877 1900 1993 gerantque.

408 2025 576 2166 Reges
601 2049 918 2166 expugnant,
944 2028 1232 2164 capiuntur,
1259 2026 1438 2161 proelia
1462 2028 1703 2152 miscent3

407 2201 620 2304 Tollunt
644 2204 901 2322 clamores,
929 2200 1083 2337 quasi·
1099 2197 1138 2298 si
1157 2197 1465 2335 jugulentur
1490 2201 1709 2327 ibidem3

359 2478 362 2483 ,
408 2377 566 2480 Multi
593 2378 910 2514 depugnant,
937 2374 1260 2512 gemitusque
1286 2372 1545 2509 doloribus
1569 2377 1731 2479 edunt
1747 2420 1760 2503 ;
1789 2441 1793 2447 ·

408 2550 477 2652 Et
502 2549 648 2690 quasi
673 2547 937 2686 pantherae
962 2587 1133 2650 morsu
1158 2548 1338 2649 saevive
1365 2548 1522 2649 leonis

407 2722 742 2840 Mandatum,
760 2723 966 2865 magnis
991 2719 1294 2823 clamoribus
1319 2723 1489 2857 omnia
1513 2723 1788 2861 complent.
1829 2760 1834 2770 ·

407 2894 564 2996 Multi
592 2896 656 2996 de
684 2899 879 3035 magnis
903 2934 996 3032 per
1021 2895 1432 2996 somnumrebus
1456 2895 1758 3036 loquuntur,
1871 2981 1877 2991 .

408 3069 709 3210 indicioque
736 3073 816 3171 sui
840 3069 960 3171 faeti
984 3107 1213 3207 persaepe
1239 3068 1411 3171 fuere:
1528 3072 1534 3080 ’

406 3243 563 3346 Multi
591 3269 803 3347 mortem
829 3246 1039 3365 obeunt,
1067 3245 1231 3364 multi,
1262 3244 1325 3344 de
1351 3244 1609 3347 montibus
1635 3248 1763 3350 altis.
1912 3330 1914 3334 Α
1975 3230 1980 3239 .

407 3423 472 3524 Se
498 3425 639 3564 quasi
668 3424 991 3562 praecipitent
1015 3423 1080 3523 ad
1106 3445 1292 3522 terram
1319 3457 1526 3557 corpore
1555 3443 1677 3543 toto,

372 3684 379 3699 .
405 3596 760 3719 Exterrentur‚
789 3621 840 3699 et
865 3635 928 3697 ex
956 3636 1147 3717 somno,
1176 3596 1320 3735 quasi
1346 3595 1601 3702 mentibus
1627 3598 1779 3737 eapti,

403 3768 504 3870 Vix
533 3772 597 3871 ad
626 3809 675 3870 se
703 3770 920 3870 redeunt
944 3770 1163 3906 permoti
1188 3772 1580 3907 corporisaestu.
1790 3739 1797 3749 .

404 3946 617 4049 Flumen
646 3949 767 4046 item
795 3946 982 4064 sitiens,
1009 3965 1099 4044 aut
1122 3941 1313 4044 fontem
1339 3969 1549 4084 propter
1574 3985 1828 4050 amoenum

402 4120 635 4239 Adsidet,
663 4143 715 4221 et
738 4143 901 4221 totum
929 4158 1090 4257 prope
1116 4117 1346 4219 faucibus
1371 4142 1587 4257 occupat
1610 4092 1825 4224 amnem.

404 4291 527 4395 Puri
554 4333 687 4432 saepe
712 4295 877 4395 lacum
905 4318 1130 4432 propter,
1157 4332 1225 4415 se,
1253 4332 1309 4395 ao
1335 4294 1470 4421 dolia
1494 4277 1670 4417 curta.

405 4467 594 4568 Somno
620 4466 839 4567 devincti
867 4469 1085 4567 credunt
1109 4469 1349 4569 extollere
1375 4493 1583 4590 vestem,

398 4640 579 4744 Totius
606 4639 871 4740 humorem
897 4664 1149 4742 saccatum
1175 4665 1235 4743 ut
1259 4647 1482 4782 eorporis
1507 4619 1754 4748 fundant:
1839 4658 1848 4675 ”
1938 4754 1945 4769 ,

402 4815 572 4938 Quom
601 4815 915 4955 Babylonica
941 4818 1211 4957 magnifico
1239 4819 1509 4957 splendore
1536 4823 1787 4961 rigantur.

467 4991 617 5113 Turn,
648 4991 833 5133 quibus
860 4996 1028 5094 aetatis
1055 4993 1184 5094 freta
1208 4972 1444 5132 primitus
1471 4996 1808 5120 insinuantur,

396 5167 581 5276 Samen
610 5168 695 5267 ubi
723 5168 833 5306 ipsa
858 5171 965 5270 dies
991 5169 1230 5269 membris
1257 5193 1454 5271 matura
1479 5173 1681 5293 creavit,
