4598 6112
734 469 1010 632 urhun
1072 463 1573 634 securunus¹
1771 556 1778 570 „
1856 519 1937 637 6³2

302 890 307 900 ,
434 787 511 892 Ut
533 790 680 893 facile
704 830 945 934 agnoscas
964 834 992 897 e
1010 796 1221 900 laevibus
1247 796 1408 940 atque
1428 800 1663 903 rotundis
1771 941 1774 945 y

434 965 557 1070 Esse
583 1008 642 1070 ea
668 1007 788 1109 quae
812 1007 985 1072 sensus
1002 966 1234 1109 jucunde
1258 997 1468 1114 tangere
1492 997 1734 1111 possunt:
1823 982 1826 988 ’
1880 1068 1882 1074 .
1934 992 1939 1011 ”

431 1143 502 1241 At
526 1165 701 1245 contra
719 1165 837 1284 quae
860 1180 1031 1245 amara
1054 1169 1210 1327 atque
1234 1152 1412 1285 aspera
1435 1185 1640 1287 cunque
1664 1149 1918 1275 videntur,

431 1313 568 1418 Haec
586 1319 766 1457 magis
765 1314 1015 1419 hamatis
1004 1343 1137 1421 mter
1160 1320 1213 1423 se
1231 1359 1365 1422 nexa
1387 1324 1580 1447 teneri3
1808 1330 1813 1341 '

428 1490 807 1630 Proptereaque
834 1492 1061 1617 solere
1018 1530 1121 1593 vias
1146 1472 1430 1608 rescindere
1456 1494 1639 1600 nostris
1733 1586 1736 1591 .

427 1662 686 1786 Sensibus,
711 1665 1028 1803 introituque
1053 1703 1145 1766 suo
1169 1702 1499 1806 perrumpere
1524 1675 1733 1812 corpus'

496 1835 686 1940 Omnia
708 1860 964 1977 postremo
989 1837 1122 1939 bona
1147 1839 1392 1962 sensibus,
1418 1865 1473 1942 ct
1492 1820 1629 1947 mala
1650 1868 1807 1968 tactu,
1824 1850 1826 1852 ’
1845 1904 1852 1990 3

360 2121 364 2124 Α
423 2012 670 2117 Dissimili
694 2015 828 2113 inter
852 2050 904 2112 sc
928 2034 1163 2154 pugnant
1186 2013 1412 2151 perfecta
1435 2017 1633 2156 figurat

422 2184 475 2288 N
480 2225 507 2287 e
531 2208 590 2287 tu
614 2183 746 2286 forto
764 2206 923 2322 putes
937 2188 1089 2287 serrae
1109 2186 1368 2289 stridentis
1393 2191 1633 2295 acerbum

421 2361 699 2465 Horrorem
725 2360 952 2462 constare
977 2362 1239 2463 elementis
1256 2361 1468 2464 laevibns
1493 2404 1642 2507 mque

415 2540 493 2639 Ac
519 2576 709 2639 musaea
731 2536 878 2664 mele,
905 2575 1000 2676 per
1016 2536 1231 2640 chordas
1249 2539 1476 2677 organici
1503 2579 1624 2680 quae

416 2711 700 2815 Mobilibus
725 2711 900 2850 digitis
924 2709 1280 2850 expergefacta
1303 2711 1543 2851 figurant.

266 2850 269 2857 Δ
336 2878 371 3038 Ι,
485 2888 609 2991 Neu
635 2889 784 3015 simili
807 2886 1075 3026 penetrare
1090 2887 1250 3023 -putes
1274 2886 1552 3021 primordia
1571 2887 1733 2993 forma

348 3111 350 3113 ¹
413 3064 476 3170 In
503 3068 666 3169 nareis
691 3064 974 3222 hominurn,
1001 3096 1156 3198 quom
1183 3080 1315 3158 tetra
1339 3058 1582 3164 cadavera
1604 3078 1818 3222 torrent,

414 3240 485 3346 Et
510 3278 666 3382 quom
694 3218 844 3345 scena
869 3272 1017 3336 croco
1045 3233 1190 3334 Cilici
1216 3232 1424 3401 perfusa
1447 3274 1622 3367 recens
1645 3263 1739 3363 cst,

409 3416 618 3555 Araque
646 3409 922 3557 Panchaeos
942 3406 1153 3510 exhalat
1175 3429 1387 3546 propter
1410 3410 1607 3518 odores.

479 3593 626 3695 Neve
653 3583 810 3691 bonos
836 3623 1007 3689 rerum
1031 3584 1183 3685 simili
1208 3606 1436 3684 constare
1463 3555 1653 3700 colores

409 3771 610 3872 Semine
638 3766 930 3880 constituas,
957 3758 1130 3859 oculos
1155 3756 1246 3896 qui
1272 3795 1476 3896 pascere
1499 3779 1730 3901 possunt,

407 3945 476 4050 Et
501 3945 592 4086 qui
618 3955 975 4133 compungunt
993 3932 1169 4051 aciem,
1186 3931 1578 4075 lacrymansque
1602 3962 1821 4125 cogunt·

403 4122 512 4224 Aut
535 4116 670 4219 foeda
692 4113 858 4253 specie
876 4111 1013 4231 tetri,
1037 4131 1321 4248 turpesque
1345 4110 1600 4216 videntur.

271 4270 276 4282 .
406 4295 588 4400 Omnis
614 4291 749 4391 enim
776 4324 952 4388 sensus
976 4323 1094 4425 quae
1121 4284 1310 4386 mulcet
1333 4322 1499 4406 causa,
1518 4285 1786 4428 juvatque,
1844 4301 1845 4304 ‘

339 4466 345 4474 ¹
403 4469 560 4597 Haud
585 4469 691 4569 sine
715 4461 1006 4611 principiali
1030 4461 1207 4601 aliquo
1231 4459 1415 4562 laevore
1440 4482 1609 4562 creata
1628 4470 1708 4563 cst
1724 4475 1752 4564 :'

400 4649 471 4751 At
495 4661 685 4761 contra,
706 4629 1032 4777 quincunque
1057 4636 1284 4755 molesta,
1305 4657 1462 4774 atque
1485 4673 1664 4774 aspera
1677 4661 1886 4767 constat,
1913 4646 1929 4748 ζ

308 4859 310 4863 ’
401 4826 523 4930 Non
550 4822 734 4960 aliquo¹
749 4817 855 4916 sine
880 4812 1105 4913 materiae
1130 4809 1365 4948 squalore
1390 4830 1593 4945 reperta
1615 4832 1708 4913 est.
1822 4874 1824 4880 ·
1940 4786 1942 4790 Α

466 5000 600 5101 Sunt
622 4994 773 5094 etiam
800 4982 919 5129 quse
936 4985 1046 5124 jam
1070 5019 1165 5110 nec
1188 4980 1336 5082 loevia
1349 4980 1468 5119 jure
1492 4989 1741 5119 putantur

397 5175 536 5294 Esse,
562 5203 734 5309 neque
757 5159 965 5265 omnino
988 5156 1138 5281 flexis
1162 5152 1488 5257 mucronibus
1512 5193 1643 5258 unca
1661 5196 1689 5259 ε-
1780 5243 1785 5247 .
1817 5227 1821 5234 ι
1922 5174 1930 5270 ’,
