4598 6112
476 483 578 576 roo
784 481 843 570 r.
906 404 1365 608 nucanrrr'
1398 479 1608 576 enar

471 741 525 845 Ν
528 783 585 845 ec
609 762 801 842 tactum
826 773 978 876 porro
1003 721 1110 838 sine
1136 739 1373 876 corpore)
1399 780 1568 842 nonne
1592 743 1854 849 fatendum
1881 762 1959 859 est

473 920 736 1059 Corporea
760 936 944 1035 natura
967 910 1192 1011 animum
1212 933 1457 1034 constare,
1484 918 1837 1058 animamquel

540 1093 794 1206 Praeterea
811 1088 1007 1230 pariter
1030 1084 1177 1224 fungi
1202 1125 1319 1187 cum
1344 1127 1570 1226 corpore,
1598 1100 1775 1197 ot'una
1819 1142 1822 1147 ¹
1983 1142 2001 1173 ·

474 1266 771 1371 Consentire
798 1263 1023 1363 animum
1050 1261 1195 1362 nobis
1221 1263 1273 1362 in
1299 1227 1520 1402 corpore.
1536 1269 1713 1370 cernis.

471 1443 526 1545 Si
553 1442 718 1543 minus
742 1435 956 1539 offendit
978 1440 1133 1540 vitam
1157 1441 1232 1541 vis
1257 1432 1462 1540 horrida
1485 1441 1574 1568 teli

472 1600 688 1720 Ossibus
714 1651 771 1714 ac
795 1611 1209 1714 nervisdisclusis
1234 1615 1370 1714 intus
1388 1613 1582 1733 adacta,

469 1797 707 1894 Attamen
737 1787 1024 1924 insequitur
1048 1788 1279 1925 languor,
1305 1811 1560 1925 terraeque
1583 1791 1775 1927 petitus
1940 1882 1943 1887 ,

472 1964 667 2081 Suavis,
695 1982 747 2059 et
771 1959 822 2057 in
849 1979 985 2058 terra
1009 1961 1190 2060 mentis
1216 1962 1305 2100 qui
1331 1962 1563 2100 gignitur
1587 1986 1755 2084 aestus,

323 2126 342 2223 .'
471 2137 841 2273 Interdumque
867 2134 1013 2272 quasi
1040 2134 1347 2272 exsurgendi
1372 2137 1565 2237 incerta
1588 2139 1834 2242 voluntas.

471 2313 610 2453 Ergo
634 2349 933 2450 corpoream
959 2281 1191 2410 naturam
1217 2310 1372 2411 animi
1397 2348 1502 2410 esse
1527 2349 1727 2414 necesse
1753 2338 1860 2439 est;
1916 2281 1923 2336 ³

472 2489 740 2628 Corporeis
766 2486 1007 2626 qnoniam
1033 2485 1161 2604 telis,
1188 2487 1398 2626 ictuque
1422 2485 1633 2590 laborat.
1752 2538 1763 2565 ·

539 2664 590 2765 ls
615 2662 706 2763 tibi
734 2699 870 2760 nunc
897 2660 1093 2759 animus
1119 2658 1258 2798 quali
1279 2660 1344 2760 sit
1367 2667 1593 2797 corpore,
1621 2684 1673 2762 et
1698 2656 1858 2764 unde'

293 2910 304 2929 ·
472 2836 785 2956 Constiterit,
811 2871 1021 2972 pergam
1048 2835 1293 2935 rationem
1319 2833 1531 2935 reddere
1558 2834 1720 2938 dictis.

469 3013 727 3151 Principio
751 3048 857 3112 esse
883 3008 963 3146 ajo
988 3004 1316 3145 persubtilem
1342 3029 1497 3147 atque
1521 3010 1729 3131 minutis
1781 3067 1789 3079 ·

469 3176 725 3324 Perq'uam
750 3180 1045 3322 corporibus
1068 3181 1258 3282 factum
1283 3205 1537 3332 constare:
1565 3184 1630 3285 -id
1656 3188 1727 3286 ita
1749 3227 1875 3310 esse,

471 3361 608 3464 Hinc
634 3363 752 3462 licet
776 3350 1007 3462 advertas
1031 3358 1272 3477 animum,
1299 3379 1358 3457 ut
1383 3394 1681 3495 pernoscere
1706 3364 1894 3499 possis3

471 3535 560 3638 Nil
590 3536 715 3638 adeo
742 3536 849 3636 lieri
876 3536 1025 3636 celeri
1050 3536 1244 3635 ratione
1267 3533 1487 3654 videtur,
1635 3591 1639 3597 ⁷

472 3711 639 3859 Quam
667 3712 707 3811 si
733 3747 874 3811 mens
897 3709 1006 3810 fieri
1035 3709 1289 3847 proponit,
1311 3729 1363 3807 et
1386 3705 1590 3843 inchoat
1614 3710 1753 3846 ipsa:

353 3914 359 3924 ’
439 3854 442 3859 ¹
471 3884 630 3988 Ocius
657 3923 779 4024 ergo
804 3885 1020 4002 animus,
1048 3907 1317 4022 quamres'
1335 3922 1385 3984 se
1408 3886 1599 4022 perciet
1622 3887 1728 3989 ulla
1848 3849 1852 3856 ι

469 4059 604 4161 Ante
629 4057 800 4158 oculos
826 4094 1042 4195 quarum
1068 4058 1121 4155 in
1148 4081 1388 4195 promptu
1415 4083 1594 4162 natura
1610 4062 1827 4166 videtur:

323 4210 328 4219 ⁴
470 4233 542 4334 At
567 4231 703 4371 quod
732 4229 917 4331 mobile
942 4253 1207 4366 tantopere
1233 4254 1323 4352 est,
1351 4255 1578 4334 constare
1603 4233 1834 4335 rotundis

471 4405 727 4545 Perquam
755 4401 1031 4505 seminibus
1057 4404 1210 4504 debet
1237 4442 1589 4544 perquamque
1616 4408 1839 4537 minutis,

470 4577 700 4681 Momine
719 4577 792 4675 uti
819 4613 974 4713 parvo
999 4577 1193 4716 possint
1215 4579 1433 4717 impulsa
1449 4583 1654 4684 moveri.
1767 4571 1772 4582 ⁸

472 4751 714 4905 Namque
740 4771 970 4863 moretur
993 4789 1143 4890 aqua,
1170 4775 1222 4852 et
1238 4752 1440 4853 tantillo
1467 4757 1685 4857 momine
1711 4759 1877 4877 ssntat,

472 4924 682 5063 Quippe
707 4923 1016 5027 volubilibus
1039 4900 1310 5065 parvisque
1337 4950 1504 5028 creata
1528 4929 1736 5067 figuris:

469 5100 541 5201 At
565 5120 744 5201 contra
767 5099 929 5200 mellis
955 5090 1264 5202 constantior
1288 5120 1364 5199 est
1386 5111 1584 5224 natura,
1622 5134 1624 5138 ’
