4598 6112
750 511 1020 604 LIBER
1082 512 1543 615 QUARTUS.⁸
1811 512 1910 632 149

403 765 515 869 Fiet
539 791 614 889 ut,
643 793 760 870 ante
786 773 961 874 oculus
986 772 1143 876 fuerit
1167 777 1257 916 qui
1284 777 1480 899 dexter,
1508 776 1590 880 bic
1616 779 1752 882 idem

403 945 561 1049 Nunc
587 948 652 1047 sit
675 948 850 1068 laevus
878 971 932 1049 et
955 987 982 1048 e
1007 950 1135 1051 laevo
1163 951 1228 1052 sit
1252 974 1432 1052 mutua
1458 955 1652 1057 dexter.

472 1120 555 1223 Fit
579 1159 811 1260 quoque,
836 1123 905 1225 de
938 1126 1143 1262 speculo
1181 1127 1231 1225 in
1272 1129 1537 1263 speculum
1574 1155 1634 1233 ut
1669 1136 1905 1241 tradatur

538 1301 707 1436 imago
724 1341 750 1422 3·

402 1471 650 1614 Quinque
677 1476 845 1596 etiam,
873 1513 1024 1577 sexve
1049 1497 1108 1575 ut
1130 1477 1240 1576 fieri
1267 1476 1533 1577 simulacra
1558 1482 1784 1585 suerint:

401 1647 540 1751 Nam
567 1688 891 1790 quaecunque
918 1666 1054 1751 retro
1078 1672 1224 1786 parte
1249 1651 1487 1751 in‘teriore
1511 1652 1763 1780 latebunt,

400 1823 530 1926 Inde
555 1849 741 1957 tamen,
770 1826 1001 1966 quamvis
1024 1846 1173 1944 torte,
1199 1826 1506 1962 penitusque
1533 1853 1742 1956 remota,

402 1998 592 2102 Omnia
616 2038 710 2137 per
734 2002 893 2101 flexos
919 1999 1087 2099 aditus
1106 1996 1290 2098 educta
1308 1996 1485 2099 licebit

400 2171 642 2275 Pluribus
667 2172 777 2275 haec
803 2174 1022 2311 speculis
1046 2173 1319 2275 videantur
1341 2173 1394 2273 in
1421 2173 1621 2278 aedibus
1644 2217 1767 2282 esse.

397 2347 580 2488 Usque
604 2349 732 2451 adeo
758 2387 786 2449 e
812 2347 1019 2487 speculo
1043 2347 1093 2446 in
1117 2347 1378 2484 speculum
1405 2351 1685 2454 translucet
1708 2356 1900 2496 imago,

401 2522 469 2624 Et
495 2563 611 2626 cum
636 2525 764 2625 laeva
788 2523 908 2624 data
933 2543 1024 2640 est,
1049 2521 1110 2620 fit
1135 2560 1336 2624 rursum
1362 2546 1423 2624 ut
1447 2525 1660 2628 dextera
1684 2531 1805 2634 fiat:
1863 2552 1876 2613 ἑ

397 2697 526 2800 Inde
552 2719 827 2798 retrorsum
851 2668 1002 2812 redit,
1029 2715 1082 2793 et
1106 2696 1353 2797 convertit
1377 2699 1573 2802 eodem.
1694 2750 1697 2755 ·
1762 2720 1765 2725 '

470 2871 784 3001 Quinetiam,
812 2856 1138 3009 quaecunque
1162 2866 1412 2969 latuscula
1437 2895 1558 2973 sunt
1576 2877 1903 3013 speculorum

396 3046 633 3149 Adsimili
658 3046 828 3147 lateris
853 3048 1051 3147 flexura
1074 3048 1292 3184 praedita
1306 3048 1494 3166 nostri,
1544 3100 1546 3106 .

345 3286 350 3296 ·
400 3220 630 3323 Dextera
655 3214 951 3359 eapropter
975 3220 1121 3321 nobis
1148 3220 1414 3321 simulacra
1439 3221 1737 3348 remittunt3

398 3397 507 3500 Aut
531 3397 653 3537 quia
679 3397 743 3496 de
768 3395 974 3533 speculo
998 3399 1051 3498 in
1078 3396 1341 3534 speculum
1366 3394 1670 3497 transfertur
1692 3397 1881 3538 imago,

401 3573 532 3676 lnde
556 3573 621 3673 ad
647 3609 738 3672 nos
764 3572 886 3670 elisa
912 3569 992 3697 bis¹
1015 3571 1247 3693 advolat3
1286 3571 1550 3685 autetiam
1578 3574 1720 3710 quod
1824 3619 1827 3624 ⁴
1979 3660 1984 3671 .

403 3747 797 3886 Circumagitur,
824 3785 940 3846 cum
966 3748 1106 3848 venit
1131 3747 1314 3883 image,
1341 3769 1613 3884 propterea
1639 3750 1778 3886 quod

400 3919 560 4021 Flexa
582 3920 749 4057 figura
773 3918 920 4019 docet
946 3919 1137 4057 speculi
1163 3920 1444 4019 convertier
1468 3919 1531 4020 ad
1559 3959 1680 4024 nos,

469 4093 752 4232 Indugredi
777 4131 929 4232 porro
953 4094 1147 4232 pariter
1170 4094 1452 4216 simulacra,
1473 4096 1764 4238 pedemque

398 4271 596 4375 Ponere
621 4268 884 4371 nobiscum
910 4268 1101 4388 credaS,
1128 4270 1679 4407 gestumqueimitari;
1716 4327 1720 4337 =
1750 4315 1754 4321 ·

399 4448 691 4586 Propterea,
718 4444 930 4585 quiade
956 4443 1150 4580 speculi
1176 4481 1281 4582 qua
1303 4466 1449 4583 parte
1474 4443 1699 4566 recedas,

399 4623 657 4725 Continuo
681 4641 951 4761 nequeunt
970 4617 1112 4718 illinc
1138 4619 1407 4720 simulacra
1430 4619 1648 4721 reverti:

294 4879 299 4887 .
400 4797 590 4900 Omnia
615 4791 1033 4936 quandoquidem
1058 4793 1195 4928 cogit
1217 4817 1402 4895 natura
1425 4791 1603 4893 referri

395 4973 473 5077 Ac
498 4971 689 5073 resilire
715 4970 780 5070 ab
805 4964 1049 5070 rebusad
1077 5003 1254 5104 aequos
1279 4964 1481 5067 reddita
1504 4964 1687 5065 flexus·

467 5144 750 5286 Splendida
772 5179 925 5282 porro
950 5140 1085 5243 oculi
1107 5139 1353 5283 fugitant,
1376 5140 1647 5282 vitantque
1662 5139 1836 5243 tueri:
1858 5208 1861 5212 ι
