1533 1721
496 224 527 249 14
659 222 689 245 Τ.
721 222 935 245 LUCRETII
967 222 1073 245 CARI

494 286 637 312 Arboribus
650 286 748 321 magnis
761 287 858 317 sternit,
871 287 1030 321 monteisque
1043 296 1174 321 supremos

495 329 636 365 Silvifragis
650 336 724 355 vexat
736 330 823 355 flabris
835 341 840 356 z
859 331 894 355 ita
907 330 1017 365 perfurit
1029 330 1080 355 acri

496 373 563 399 Cum
576 374 688 404 fremitu,
702 374 824 408 saevitque
837 374 928 399 minaci
941 383 1071 398 murmure
1085 379 1194 399 coortus.

495 417 562 443 Sunt
575 418 654 452 igitur
667 418 734 443 venti
749 417 868 443 nimirum
878 427 984 452 corpora
993 426 1067 447 caeca‚

496 460 564 491 Quae
577 470 654 491 mare,
668 471 727 496 quae
739 466 827 491 terras,
841 470 900 496 quae
913 460 1024 495 denique
1037 460 1126 486 nubila
1135 460 1191 486 coeli

495 504 618 534 Verrunt,
631 514 659 529 ac
672 503 757 529 subito
769 504 887 529 vexantia
898 503 1001 529 turbine
1013 510 1123 538 raptant.

497 547 554 573 Nec
567 548 663 573 ratione
676 548 762 572 fluunt
771 547 827 577 alia,
841 553 1003 582 stragemque
1012 553 1164 582 propagant,

495 590 534 616 Ac
547 600 604 616 cum
618 590 700 615 mollis
709 600 784 625 aquae
796 590 879 615 fertur
891 596 982 616 natura
994 597 1098 625 repente

497 634 614 660 Flumine
628 634 777 664 abundanti,
792 634 862 668 quod
872 634 948 668 largis
961 634 1086 659 imbribus
1100 640 1178 669 auget

497 678 631 703 Montibus
641 687 673 703 ex
685 678 741 702 altis
751 686 858 711 magnus
871 677 992 702 decursus
1005 680 1089 712 aquai,

498 721 634 756 Fragmina
646 721 780 756 conjiciens
793 721 929 755 sylvarum,
943 720 1098 756 arbustaque
1111 727 1165 747 tota
1172 732 1179 753 ς

498 765 555 790 Nec
565 765 641 790 validi
654 770 760 799 possunt
769 770 859 799 pontes
871 765 994 789 venientis
1006 767 1083 799 aquai*

497 808 557 834 Vim
567 808 677 836 subitam
690 808 797 833 tolerare
809 818 814 833 :
834 808 870 833 ita
878 817 971 842 magno
983 807 1102 833 turbidus
1115 808 1191 834 imbri

497 851 612 878 Molibus
624 852 755 877 incurrens
768 852 856 877 validis
869 862 928 877 cum
939 851 1036 877 viribus
1046 852 1134 882 amnis,

498 895 551 921 Dat
564 896 647 921 sonitu
661 905 754 930 magno
766 901 889 930 stragem;
907 896 1036 930 volvitque
1049 895 1096 920 sub
1111 895 1186 920 undis

499 938 613 964 Grandia
625 949 694 969 saxa,
708 939 760 964 ruit
773 949 824 974 qua
837 939 964 974 quidquid
978 939 1100 964 fluctibus
1112 939 1204 965 obstat.

499 983 540 1008 Sic
553 983 633 1018 igitur
645 982 740 1008 debent
752 983 820 1008 venti
834 992 938 1018 quoque
951 983 1055 1008 flamina
1064 982 1123 1008 ferri
1134 993 1140 1008 :

499 1026 574 1057 Quae,
585 1027 663 1051 veluti
677 1026 788 1051 validum
802 1027 905 1056 flumen,
916 1036 975 1052 cum
984 1026 1144 1061 procubuere

499 1069 650 1100 Quamlibet
661 1069 687 1094 in
701 1075 808 1103 partem,
822 1070 932 1095 trudunt
944 1080 983 1095 res
996 1076 1063 1100 ante,
1077 1076 1208 1105 ruuntque

500 1113 641 1148 Impetibus
650 1112 761 1144 crebris3
781 1113 909 1139 interdum
922 1115 1015 1139 vertice
1027 1119 1094 1139 torto

501 1157 659 1191 Corripiunt,
670 1156 814 1191 rapidoque
826 1157 919 1182 rotanti
933 1157 1035 1182 turbine
1045 1162 1155 1192 portant.

501 1200 588 1231 Quare
601 1201 677 1225 etiam
689 1206 768 1235 atque
780 1201 856 1225 etiam
869 1206 930 1225 sunt
942 1201 1010 1226 venti
1023 1209 1129 1234 corpora
1142 1209 1224 1225 eaeca:

500 1244 718 1279 Quandoquidem
732 1244 804 1270 factis
817 1254 845 1270 ac
858 1244 978 1274 moribus,
992 1244 1084 1269 aemula
1097 1244 1196 1278 magnis

500 1288 626 1314 Alnnibus
639 1288 812 1318 inveniuntur,
826 1294 913 1322 aperto
926 1297 1032 1322 corpore
1045 1288 1091 1322 qui
1104 1293 1171 1313 sunt.

532 1331 599 1357 Tum
612 1341 691 1366 porro
704 1332 785 1357 varios
797 1332 1014 1361 rerum‚sentimus
1026 1332 1124 1361 odores,

501 1374 558 1401 Nec
571 1380 656 1400 tamen
669 1375 701 1400 ad
714 1375 796 1400 nareis
809 1375 946 1400 venienteis
959 1375 1085 1400 cernimus
1097 1383 1230 1410 unquam;
