4598 6112
267 349 414 455 sao,
587 349 647 438 r.
714 343 1149 439 Lucnurrr
1215 286 1431 442 canr-

254 609 339 713 .Et
362 609 534 712 multis
559 607 667 709 aliis
692 603 889 744 praebet
910 603 1207 744 regionibus
1234 644 1413 744 aequor

268 783 554 890 Utilitatem
574 804 920 922 opportunam
949 777 1235 882 sitientibus
1262 781 1444 900 nautis,
1596 859 1599 880 ,

269 957 422 1081 Quod
451 960 642 1062 dulceis
667 959 801 1058 inter
826 955 978 1056 salsas
1005 956 1293 1057 intervomit
1317 955 1495 1058 undas.

204 1165 207 1169 ’
252 1135 353 1245 ,Sic
377 1137 539 1275 igitur
562 1172 657 1273 per
680 1170 794 1232 eum
821 1152 1038 1267 possunt
1061 1168 1329 1268 erumpere
1354 1131 1548 1232 fontem
1694 1113 1696 1122 ¹

268 1310 338 1412 Et
363 1332 553 1411 scatere
581 1307 666 1406 illa
690 1305 822 1405 foras
846 1305 898 1406 in
926 1327 1128 1442 stupam
1156 1307 1375 1408 semina:
1413 1347 1519 1448 quo
1546 1348 1704 1449 quom

270 1482 609 1600 Conveniunt,
637 1502 726 1580 aut
750 1517 906 1619 quom
933 1478 1069 1580 tedai
1094 1482 1291 1617 corpori
1320 1479 1600 1603 adhaerent,
1685 1551 1687 1556 =

266 1656 558 1758 Ardescunt
581 1653 728 1755 facile
754 1655 1012 1792 extemplo
1031 1695 1044 1777 ;
1084 1655 1207 1791 quia
1224 1655 1387 1755 multa
1406 1694 1616 1796 quoque
1635 1654 1688 1757 in
1708 1693 1760 1757 se

269 1802 474 1939 Semina
499 1828 691 1977 habent
715 1830 848 1967 ignis
875 1853 1039 1968 stupae
1064 1833 1303 1973 tedoeque
1329 1856 1576 1936 tenentes

337 2005 527 2108 Nonne
552 2005 693 2107 vides
717 2007 886 2126 etiam,
913 1995 1161 2109 nocturna
1178 2009 1249 2109 'ad
1277 2010 1470 2112 lumina
1495 2001 1741 2150 lycbnum

267 2180 454 2322 Nuper
480 2181 566 2283 ubi
594 2182 907 2282 exstinctum
934 2182 1216 2305 admoveas
1242 2183 1507 2286 accendier
1531 2208 1647 2284 ante
1803 2307 1805 2316 Ι

267 2353 439 2477 Quam
463 2357 633 2495 tetigit
658 2358 944 2459 flammam?
983 2358 1258 2499 tedamque
1281 2361 1392 2499 pari
1418 2362 1645 2461 ratione?
1720 2426 1730 2445 ·

267 2531 542 2673 Multaque
568 2555 835 2670 praeterea,
865 2537 1009 2674 prius
1033 2536 1144 2673 ipso
1168 2556 1303 2635 tacta
1328 2573 1514 2672 vapore
1651 2620 1652 2624 κ
1711 2507 1714 2513 ’

267 2706 481 2809 Eminus
507 2708 796 2831 ardescunt,
825 2748 981 2848 quam
1007 2710 1238 2819 cominus
1260 2707 1458 2810 imbuat
1482 2711 1631 2849 ignis.

268 2883 381 2987 Hoc
407 2886 566 3025 igitur
589 2884 697 2986 fieri
724 2924 932 3024 quoque
958 2886 1008 2985 in
1037 2885 1124 2985 illo
1148 2883 1289 2985 fonte
1314 2884 1603 3022 putandum
1623 2909 1721 2989 est.

216 3182 220 3213 ¹
336 3053 489 3177 Quod
519 3080 765 3196 superest,
786 3074 943 3196 ‘agere
969 3059 1207 3195 incipiam
1235 3096 1339 3196 quo
1366 3059 1554 3160 foedere
1579 3061 1669 3161 fiat

267 3231 500 3353 Naturae,
530 3234 655 3371 lapis
683 3232 762 3335 bic
789 3257 846 3335 ut
870 3234 1061 3336 ferrum
1088 3232 1273 3336 ducere
1298 3234 1472 3370 possit,

225 3485 227 3490 -
267 3407 436 3532 Quem
466 3406 711 3546 Magneta
732 3432 913 3510 vocant
939 3411 1103 3548 patrio
1127 3410 1192 3511 de
1216 3411 1418 3511 nomine
1447 3406 1607 3551 Graji,

266 3582 572 3722 Magnetum
599 3584 722 3721 quia
749 3585 813 3684 sit
836 3583 1015 3722 patriis
1039 3585 1092 3683 in
1122 3580 1308 3685 finibus
1333 3607 1489 3688 ortus.
1572 3640 1575 3644 ⁴

338 3759 493 3861 Hunc
519 3758 745 3859 hoinines
771 3759 993 3897 lapidem
1019 3759 1284 3878 mirantur,
1313 3763 1506 3900 quippe
1532 3787 1760 3868 catenam

268 3935 415 4076 Saepe
442 3976 504 4036 ex
531 3935 745 4037 anneilis
768 3935 938 4036 reddit
961 3931 1305 4072 pendentibus
1331 3974 1396 4036 ex
1421 3975 1502 4040 se:

269 4092 513 4252 Quinque
540 4111 726 4212 etenim
752 4111 872 4212 licet
895 4111 1171 4229 interdum,
1196 4107 1495 4249 plureisque
1520 4112 1690 4214 videre

268 4288 468 4393 Ordine
494 4286 740 4389 demissos
765 4286 962 4390 levibus
979 4285 1218 4424 jactarier
1242 4285 1392 4404 auris,

267 4465 417 4572 Unus
439 4463 527 4567 ubi
554 4502 619 4564 ex
644 4499 749 4564 nno
774 4460 1031 4602 dependet
1057 4457 1230 4561 subter
1255 4455 1550 4583 adbaerens3

268 4641 350 4745 Ex
376 4642 579 4780 alioque
605 4638 733 4739 alius
756 4636 942 4777 lapidis
964 4636 1066 4737 vim
1090 4633 1359 4772 vinclaque
1385 4635 1577 4736 noscit:

268 4818 578 4958 Usqueadeo
604 4837 961 4955 permananter
983 4812 1059 4913 vis
1082 4810 1309 4950 pervalet
1332 4809 1456 4946 ejus.
1544 4792 1549 4795 ἢ

340 4992 453 5096 Hoc
469 5031 629 5130 genus
640 4992 693 5094 in
706 4988 859 5094 rebus
873 4986 1434 5091 firmandumestmulta
1446 4989 1588 5130 prius
1604 5027 1724 5131 quar
