4598 6112
618 460 677 560 ’-
793 500 1536 596 :urnunrnuuusz
1823 506 1889 649 ar

409 755 712 898 Paupertas,
736 757 947 880 bellum,
976 761 1260 883 concordia,
1289 785 1486 883 caetere,
1518 801 1739 902 quorum

407 921 656 1053 Adirentu¹
677 958 847 1038 manet
874 936 1139 1037 incolumis
1166 958 1365 1056 natura,
1395 936 1660 1078 abituque,

410 1105 537 1210 Haec
566 1109 696 1209 soliti
727 1146 923 1231 sumus,¹
946 1131 1006 1210 ut
1034 1147 1128 1246 par
1150 1132 1241 1228 est,
1271 1133 1450 1210 eventa
1477 1148 1670 1212 vocare.

474 1281 700 1422 Tempus
729 1284 850 1382 item
879 1319 972 1418 per
1001 1320 1052 1381 se
1081 1320 1182 1381 non
1215 1305 1304 1400 est,
1341 1281 1427 1380 Sed
1458 1279 1610 1383 rebus
1640 1280 1704 1383 ab
1733 1282 1856 1420 ipsis
1903 1287 1905 1292 ’

409 1451 753 1594 Consequitur
781 1494 971 1576 sensus
1001 1468 1309 1557 transactum
1338 1454 1466 1594 quid
1496 1456 1641 1559 sitin
1671 1496 1796 1579 aevo,
1943 1493 1947 1498 ·

403 1621 539 1729 Tum
571 1665 688 1766 quae
717 1666 795 1728 res
825 1629 994 1750 instet,
1023 1629 1148 1767 quid
1178 1667 1330 1766 porro
1364 1629 1548 1728 deinde
1577 1650 1849 1768 sequatur:

406 1797 459 1900 N
464 1839 520 1900 ec
550 1839 642 1939 per
658 1764 721 1901 ‘se
751 1839 1064 1939 quemquam
1092 1824 1294 1940 tempus
1325 1803 1508 1904 sentire
1523 1802 1784 1913 fatendum
1813 1829 1889 1909 est

406 1975 664 2079 Semotum
699 1979 767 2080 ab'
793 2012 959 2080 rerum
991 2001 1149 2099 motu,
1181 1977 1484 2116 placidaque
1515 1979 1703 2116 quiete.
1762 2084 1764 2089 ,

474 2150 713 2292 Denique
739 2151 1085 2293 Tyndaridem
1115 2173 1327 2287 raptam,
1357 2150 1595 2290 belloque
1621 2152 1851 2262 subactas

262 2331 267 2338 '
401 2319 717 2462 Trojugenas
745 2329 942 2465 genteis
972 2365 1132 2465 quum
1148 2326 1326 2427 dicunt
1340 2361 1463 2445 esse,
1493 2326 1773 2448 videndum
1791 2347 1883 2450 est,
1939 2416 1941 2419 ,

404 2493 489 2598 Ne
517 2496 646 2599 forte
676 2497 785 2601 haec
812 2538 906 2637 per
933 2538 984 2599 se
1014 2521 1199 2639 cogant
1228 2536 1319 2598 nos
1346 2535 1452 2599 esse
1482 2497 1659 2623 fateri3

404 2666 625 2790 Quando
640 2709 699 2773 ca
713 2675 860 2774 saecla
874 2672 1153 2797 hominum,
1176 2710 1395 2815 quorum
1410 2667 1519 2772 haec
1538 2640 1887 2791 eventafucre,¹

403 2840 749 2946 Irrevocabilis
778 2846 1044 2950 abstulerit
1062 2852 1169 2988 jam
1199 2847 1458 2990 praeterita
1487 2864 1624 2948 aetas.
1695 2978 1698 2985 ι

400 3013 646 3158 Namque
674 3020 814 3121 aliud
844 3023 1012 3145 rebus,
1042 3024 1182 3145 aliud
1211 3019 1503 3159 regionibus
1532 3021 1655 3159 ipsis

314 3271 319 3279 1
401 3188 656 3293 Eventum
687 3194 783 3295 dici
814 3199 1017 3333 poterit,
1049 3198 1394 3337 quodcunque
1424 3198 1521 3297 erit
1549 3218 1734 3298 actum.
1852 3266 1855 3273 ·

471 3362 732 3507 Denique,
758 3373 993 3498 materies
1017 3372 1058 3471 si
1083 3410 1254 3503 rerum
1279 3374 1422 3474 nulla
1445 3371 1640 3489 fuisset,

402 3537 516 3642 Nec
540 3542 697 3663 locus,
721 3580 777 3644 ac
798 3548 1034 3682 spatium,
1056 3583 1136 3647 res
1153 3547 1207 3645 in
1227 3585 1332 3684 quo
1352 3582 1576 3687 quaeque
1592 3564 1878 3689 geruntur3

402 3711 689 3855 Nunquam
712 3715 1022 3858 Tyndaridis
1046 3720 1221 3821 formae
1247 3723 1496 3822 conflatus
1522 3755 1692 3818 amore

400 3888 542 4029 Ignis
565 3891 846 3993 Alexandri
872 3892 1101 4034 Phrygio
1126 3892 1222 3994 sub
1245 3919 1452 4032 pectore
1476 3893 1693 4032 gliscens

401 4064 552 4179 Clara
576 4067 887 4168 accendisset
911 4070 1028 4169 saevi
1054 4071 1329 4170 certamina
1354 4067 1505 4169 belli:

280 4279 282 4282 ⁴
399 4237 513 4341 Nec
539 4241 667 4341 clam
692 4241 935 4341 durateus
959 4237 1131 4377 Trojai
1156 4239 1405 4379 Pergama
1429 4263 1585 4378 partu

398 4411 770 4515 Inflammasset
793 4452 960 4554 equus
984 4440 1234 4516 nocturno
1263 4413 1706 4552 Grajugeuarum:

397 4585 692 4725 Perspicere
718 4611 777 4688 ut
801 4590 960 4725 possis
985 4626 1064 4689 res
1089 4613 1257 4726 gestas
1281 4589 1516 4691 funditus
1540 4585 1732 4686 omneis

398 4760 522 4863 Non
546 4765 632 4876 ita,
657 4763 959 4900 uticorpus‚
986 4799 1080 4898 per
1104 4801 1157 4863 se
1181 4787 1427 4881 constare,
1454 4798 1547 4861 neo
1573 4795 1697 4877 esse,
1784 4859 1786 4863 ,
1835 4800 1840 4831 ²

398 4937 512 5039 Nec
534 4941 729 5063 ratione
755 4940 924 5039 oluere
950 4937 1144 5059 eadem,
1173 4976 1276 5077 qua
1300 4961 1498 5039 constat
1521 4937 1701 5056 inaue3
