4598 6112
616 536 891 631 LIBER
955 534 1437 632 SECUNDUS·
1648 456 1650 461 Ι
1765 531 1831 646 77
1999 643 2000 646 ¹

342 792 574 897 Vertitur
599 797 652 896 in
678 832 827 895 canos
852 795 1088 918 candenti
1114 835 1360 923 marmore
1384 799 1587 924 fluctus.

343 969 528 1072 Dicere
554 971 689 1070 enim
713 971 872 1106 possis
897 971 1118 1107 nigrum,
1146 973 1284 1111 quod
1313 1008 1446 1108 saepe
1471 973 1714 1091 videmus,
1803 1025 1809 1035 ·

344 1146 588 1249 Materies
607 1147 694 1248 ubi
720 1149 962 1287 permista
978 1171 1054 1247 est
1077 1147 1229 1265 illius,
1257 1168 1312 1246 et
1334 1146 1461 1247 ordo
1783 1139 1784 1142 Ὺ

342 1322 614 1460 Principiis
639 1322 877 1441 mutatus,
904 1345 956 1421 et
980 1321 1169 1440 addita,
1196 1319 1507 1460 demptaque
1534 1327 1788 1462 quaedam,

345 1496 601 1598 Continuo
626 1495 678 1596 id
707 1496 814 1595 lieri
841 1519 900 1597 ut
923 1496 1142 1596 candens
1166 1493 1413 1615 videatur,
1440 1518 1493 1595 et
1517 1496 1720 1602 album:
1775 1548 1780 1568 ’

344 1667 498 1789 Quod
526 1671 566 1775 si
593 1669 820 1770 caeruleis
846 1689 1132 1770 constarent
1155 1705 1362 1807 aequora
1387 1673 1531 1807 ponti
1673 1757 1675 1761 ,
1820 1704 1829 1719 ·

345 1839 652 1962 Seminibus,
679 1842 822 1941 nullo
847 1838 1060 1982 possent.
1077 1841 1327 1943 albescere
1352 1865 1531 1982 pact03

343 2013 481 2157 Nam
508 2001 819 2156 quocunque
845 2016 996 2115 modo
1014 2014 1297 2153 perturbes,
1325 2019 1510 2117 caerula
1536 2055 1653 2158 quae
1678 2025 1779 2123 sint
1827 1999 1828 2004 Ν

344 2188 632 2329 Nunquam
656 2192 707 2291 in
735 2227 1073 2291 marmoreum
1097 2212 1310 2327 possunt
1333 2191 1550 2326 migrare
1576 2195 1811 2299 colorem.

342 2363 434 2466 Sin
457 2367 571 2486 alio,
597 2388 754 2505 atque
779 2365 877 2491 alio
903 2384 1023 2462 sunt
1047 2361 1239 2461 semina
1261 2362 1420 2463 tincta
1445 2366 1629 2488 colore,

345 2538 477 2661 Quae
503 2542 653 2646 maris
677 2540 904 2641 efficiunt
927 2573 1088 2636 unum
1112 2519 1405 2678 purumque
1423 2541 1669 2675 nitorem3
1818 2624 1822 2639 .

342 2711 419 2816 Ut
444 2751 578 2851 saepe
604 2751 666 2813 ex
692 2713 802 2812 aliis
826 2709 1016 2830 formis,
1041 2711 1294 2849 variisque
1319 2713 1498 2852 figuris

344 2884 578 2988 Efficitur
603 2886 852 3025 quiddam
877 2884 1199 3024 quadratum,
1227 2924 1450 3024 unaeque
1476 2877 1684 3027 figurae3
1773 2912 1779 2921 “

344 3059 708 3181 Conveniebat,
734 3062 810 3162 uti
836 3061 890 3159 in
915 3060 1165 3199 quadrato
1189 3060 1442 3165 cernimus
1466 3099 1572 3162 esse

343 3231 860 3355 Dissimileisformas,
887 3235 959 3334 its
983 3235 1188 3334 cernere
1214 3235 1265 3334 in
1292 3272 1497 3374 aequore
1515 3238 1666 3374 ponti
1804 3214 1807 3218 i

342 3412 452 3515 Aut
475 3411 573 3513 alio
598 3412 648 3510 in
677 3411 857 3549 quovis
883 3446 985 3509 uno
1008 3434 1243 3548 puroque
1267 3410 1447 3529 nitore,
1553 3519 1555 3523 Α
1656 3534 1659 3541 ¹
1823 3399 1827 3410 ’

299 3559 302 3564 ’
344 3576 647 3686 Dissimileis
670 3584 822 3720 longe
846 3584 981 3716 inter
1004 3620 1072 3702 se,
1097 3584 1364 3721 variosque
1389 3585 1594 3691 colores.

414 3757 685 3880 Praeterea,
712 3756 840 3859 nibil
864 3758 1109 3877 officiunt,
1135 3755 1441 3897 obstantque
1458 3759 1641 3898 figurae

344 3931 643 4052 Dissimiles,
671 3970 775 4070 quo
800 3930 1106 4069 quadratum
1130 3929 1298 4030 minus
1321 3970 1471 4034 omne
1495 3934 1561 4034 sit
1579 3955 1728 4040 'extra
1737 3971 1756 4065 1τ
1821 4012 1824 4022 Δ

342 4104 415 4212 At
431 4106 554 4207 varii
578 4143 748 4210 rerum
773 4103 1062 4242 impediunt
1085 4100 1461 4244 prohibentque
1482 4107 1691 4228 colores,
1821 4179 1825 4187 ·

346 4279 465 4402 Quo
491 4281 658 4382 minus
675 4319 781 4381 esse
808 4316 913 4379 uno
937 4277 1099 4416 possit
1120 4315 1199 4383 res
1223 4299 1344 4401 tota,
1354 4279 1533 4424 nitore.
1628 4326 1630 4331 ’

411 4452 546 4556 Turn
569 4492 751 4594 porro,
766 4490 886 4594 quaa
910 4452 1054 4555 ducit
1076 4475 1129 4553 et
1151 4452 1329 4585 inlicit,
1354 4473 1413 4552 ut
1436 4449 1723 4597 tribuemus
1824 4522 1835 4547 ..

343 4627 613 4768 Principiis
629 4666 807 4728 rerum
831 4606 1218 4765 nonnunquam,
1245 4599 1410 4749 causa,
1437 4615 1663 4769 colores,
1719 4600 1743 4720 s.
1827 4662 1834 4703 ·.

347 4801 566 4923 Occidit,
592 4840 657 4901 ex
680 4800 810 4903 albis
834 4799 1077 4938 quoniam
1102 4837 1204 4899 non
1229 4798 1346 4899 alba
1370 4789 1605 4908 creantur
1619 4838 1633 4922 ;
1795 4818 1834 4895 s:

347 4974 399 5079 N
404 5014 461 5078 ec
488 5015 605 5116 quae
630 4977 778 5116 nigra
801 4974 989 5094 cluent,
1017 4973 1081 5073 de
1105 4973 1264 5111 nigris
1278 5013 1291 5097 3
1318 4973 1405 5074 sed
1430 4973 1579 5077 variis
1603 4971 1684 5073 de.

345 5145 554 5287 Quippe
579 5149 769 5251 etenim
790 5153 952 5283 multo
974 5151 1249 5290 proclivius
1272 5147 1565 5286 exorientur
