4598 6112
747 554 1024 645 nrunu
1089 530 1450 648 sununs.-
1730 559 1837 668 cru.

336 816 608 957 Exprinrat
654 817 707 919 in
756 819 948 927 fontem
999 857 1118 958 quae
1168 818 1358 919 semina
1407 849 1632 961 cumque
1667 818 1852 958 habet

472 997 621 1133 igniS,
1320 993 1326 999 ’
1450 1121 1454 1127 ἢ

337 1168 471 1289 Quae
498 1169 717 1269 calidum
743 1169 936 1272 fuciunt
960 1169 1120 1270 laticis
1146 1190 1337 1269 tactum
1363 1190 1517 1308 atque
1544 1208 1793 1313 saporem.

337 1341 466 1443 Inde
492 1339 581 1440 ubi
608 1341 681 1440 sol
707 1340 859 1443 radiis
884 1336 1073 1443 terram
1097 1345 1307 1445 dimovit
1330 1343 1540 1476 obortis„
1706 1409 1713 1419 ,

338 1517 408 1619 Et
431 1516 664 1618 rarefecit
689 1516 853 1616 calido
877 1519 1118 1620 miscente
1142 1556 1343 1656 vapore,
1409 1601 1411 1604 .

336 1693 533 1794 Rursus
557 1693 611 1792 in
638 1690 873 1830 antiquas
898 1690 1115 1793 redeunt
1137 1692 1416 1831 primordia
1439 1696 1601 1798 sedeis
1715 1737 1718 1740 ’

336 1867 496 2006 Ignis,
525 1889 577 1968 et
602 1870 654 1967 in
681 1889 868 1966 terram
894 1865 1031 1967 cedit
1055 1869 1191 1970 calor
1214 1870 1375 1969 omnis
1401 1879 1586 2008 aquai:

338 2044 576 2182 Frigidus
602 2040 732 2143 hanc
756 2040 822 2141 ob
847 2080 955 2143 rem
986 2043 1046 2143 fit
1069 2041 1180 2144 fons
1205 2045 1257 2144 in
1283 2043 1395 2145 lnce
1423 2047 1619 2150 diurna.

408 2217 679 2338 Praeteroa,
709 2217 826 2318 solis
847 2217 1005 2318 radiis
1018 2192 1240 2354 jactatur
1266 2227 1418 2358 aquai
1483 2218 1486 2224 ’

340 2392 556 2514 Humor,
585 2392 714 2494 etin
738 2394 905 2494 lucem
931 2393 1149 2530 tremulo
1174 2398 1381 2495 rarescit
1405 2393 1469 2495 ab
1496 2406 1651 2501 aest'u:
1703 2483 1707 2502 .
1734 2516 1738 2524 ¹

339 2566 619 2707 Propterea
641 2569 701 2669 fit
726 2570 800 2668 uti
828 2605 945 2706 quae
972 2568 1161 2667 semina
1186 2607 1400 2708 cunque,
1420 2569 1572 2700 habet
1596 2574 1745 2712 ignis,

341 2743 616 2871 Dimittat3
651 2747 793 2886 quasi
823 2780 958 2881 saepe
983 2743 1173 2882 gelum,
1202 2743 1341 2882 quod
1367 2746 1592 2847 continet
1615 2748 1668 2848 in
1695 2787 1769 2870 se,-

341 2918 523 3042 Mittit,
552 2946 603 3021 et
628 2922 843 3022 exsolvit
867 2921 1098 3058 glaciem,
1126 2919 1388 3058 nodosque
1414 2922 1622 3025 relaxat.

408 3095 645 3234 Frigidus
671 3118 747 3194 est
771 3096 921 3194 etiam
948 3094 1075 3216 fons,
1104 3133 1258 3233 supra
1283 3133 1437 3235 quem
1464 3097 1559 3198 sita
1583 3136 1717 3239 saepe
1826 3164 1829 3169 ‹

340 3272 503 3412 Stupa
520 3275 647 3413 jacit
671 3275 899 3373 flammas
924 3295 1170 3409 concepto
1195 3273 1427 3409 protinus
1452 3272 1591 3410 igni3

336 3445 583 3587 'fedaque
610 3448 855 3549 consimili
882 3447 1074 3545 ratione
1100 3484 1308 3546 accensa
1332 3484 1425 3584 per
1450 3447 1616 3569 undas
1674 3522 1678 3529 -

342 3622 606 3742 Conlucet,
635 3660 946 3761 quocunque
972 3645 1152 3720 natans
1176 3620 1456 3756 impellitur
1480 3624 1646 3736 auris:

226 3886 232 3897 ,
342 3796 600 3900 Nimirum
632 3799 754 3936 quia
779 3798 974 3898 suntin
1001 3833 1133 3934 aqua
1157 3794 1413 3932 permulta
1436 3799 1639 3934 vaporis

340 3969 562 4092 Semina,
592 3969 654 4070 de
680 3994 918 4111 terraque
946 4006 1145 4070 necesse
1171 3990 1248 4068 est
1271 3966 1502 4070 funditus
1527 3973 1638 4108 ipsa

342 4146 363 4247 l
371 4148 484 4286 gnis
510 4185 722 4284 corpora
747 4184 840 4284 per
864 4166 1364 4281 totumoonsurgere
1390 4144 1599 4266 fontem,

342 4322 412 4425 Et
436 4325 584 4425 simul
611 4325 867 4459 exspirare
893 4319 1044 4439 foras,
1072 4319 1315 4456 exireque
1340 4318 1393 4416 in
1420 4354 1583 4438 auras,
1665 4445 1667 4449 ἲ
1776 4361 1798 4429 χ
1825 4400 1828 4406 ,

344 4496 467 4602 Non
492 4522 594 4598 tarn
621 4499 733 4599 viva
757 4520 944 4616 tamen,
972 4492 1163 4595 calidus
1188 4515 1344 4631 queat
1368 4515 1428 4593 ut
1444 4492 1560 4593 fieri
1586 4492 1714 4598 fons.

411 4671 681 4793 Praeterea,
709 4671 934 4809 dispersa
959 4669 1091 4769 foras
1117 4704 1381 4803 erumpere
1408 4666 1545 4804 cogit

340 4843 432 4950 Vis
456 4883 550 4983 per
574 4881 759 4984 aquam
786 4840 968 4963 subito,
997 4880 1298 4982 sursumque
1323 4880 1382 4942 ea
1407 4842 1691 4946 conciliari:

343 5019 495 5143 Quod
524 5057 686 5160 genus
711 5018 845 5120 endo
868 5021 994 5120 mari
1018 5018 1208 5120 Aradio
1234 5015 1361 5136 fone,
1389 5015 1551 5144 dulcis
1575 5025 1727 5156 aquai
1767 5087 1771 5091 -

345 5195 452 5321 Qui
472 5196 651 5323 reuertit,
666 5218 719 5297 et
742 5195 893 5298 salsas
917 5195 1105 5298 circum
1131 5231 1184 5294 se
1209 5191 1430 5293 dimovet
1453 5191 1633 5344 undas.
