4598 6112
411 564 514 664 240
632 563 636 575 '
734 569 795 657 T.
862 564 1295 661 LUCRETII
1360 572 1573 664 CARI
1636 642 1641 655 ,

411 828 565 932 Unde
591 828 742 927 etiarn
767 826 970 927 libitum
997 850 1073 927 est
1098 830 1297 966 stirpeis
1322 833 1633 932 committere
1659 837 1841 957 ramis3
1880 850 1889 859 ’

410 1002 480 1102 Et
506 1041 636 1102 nova
662 998 900 1100 defodere
925 1004 976 1101 in
1004 1024 1190 1102 terram
1215 1005 1437 1140 virgulta
1460 1043 1554 1141 per
1578 1046 1725 1144 agros
1744 1052 1759 1111 :·

412 1175 539 1276 Inde
566 1175 713 1274 aliam
739 1199 893 1312 atque
920 1175 1067 1274 aliam
1095 1177 1344 1278 culturam
1372 1179 1533 1280 dulcis
1559 1186 1710 1320 agelli
1790 1200 1792 1204 ’

408 1349 714 1468 Tentabant,
741 1348 1038 1486 fructusque
1059 1348 1194 1452 feros
1221 1389 1566 1455 mansuescere
1583 1368 1728 1460 'terra

400 1505 704 1631 Cernebant
726 1526 1058 1664 indulgendo,
1085 1527 1375 1663 blandeque
1403 1529 1629 1633 colendo,

412 1701 577 1840 Inque
604 1701 711 1801 dies
737 1700 897 1836 magis
922 1700 973 1800 in
1002 1724 1225 1799 montem
1252 1699 1521 1799 succedere
1547 1704 1711 1840 sylvas

412 1874 697 2012 Cogebant,
720 1873 952 2011 infraque
977 1874 1145 1974 locum
1171 1837 1447 1973 concedere
1474 1874 1652 1976 cultis:

409 2048 577 2168 Prata,
604 2049 757 2167 lacus,
785 2047 930 2168 rivos,
958 2070 1168 2184 segetes,
1184 2047 1456 2184 vinetaque
1481 2049 1600 2150 laeta

411 2222 644 2326 Collibus
670 2247 720 2323 et
746 2224 934 2359 campis
958 2245 1017 2320 ut
1042 2219 1304 2337 haberent,
1333 2241 1488 2357 atque
1513 2225 1750 2328 olearum·

410 2396 612 2499 Caerula
630 2400 952 2535 ¹distinguens
978 2395 1111 2493 inter
1134 2393 1287 2531 plaga
1311 2428 1512 2498 currere
1539 2424 1708 2536 posset

407 2567 508 2670 Per
531 2572 849 2691 tumulos,·et
873 2566 1156 2688 convalleiS,
1184 2583 1491 2707 camposque
1517 2572 1751 2709 profusa:

260 2794 264 2799 ·
405 2743 481 2846 Ut
506 2784 641 2846 nunc
668 2783 774 2847 esse
800 2745 939 2846 vides
964 2746 1100 2845 vario
1127 2743 1361 2843 distincta
1385 2745 1558 2880 lepore

407 2918 610 3040 Omnia,
633 2958 748 3057 quae
774 2919 936 3056 pomis
962 2917 1188 3016 intersita
1215 2915 1447 3016 dulcibus
1472 2939 1683 3040 ornant3

402 3094 743 3232 Arbustisque
767 3116 945 3195 tenent
963 3093 1195 3196 felicibus
1219 3093 1382 3194 obsita
1408 3091 1612 3190 circum.

323 3256 327 3261 ’
470 3270 543 3366 At
565 3267 786 3404 liquidas
803 3270 979 3367 avium
1005 3304 1151 3370 voces
1177 3266 1419 3364 imitarier
1444 3304 1530 3365 ore

399 3446 535 3543 Ante
560 3442 658 3542 fuit
682 3443 856 3561 multo,
886 3479 1041 3580 qnam
1065 3441 1210 3540 laevia
1236 3439 1456 3539 carmina
1480 3460 1632 3538 cantu

404 3615 768 3717 Concelebrare
794 3615 1022 3714 homines
1046 3635 1268 3751 possent,
1296 3612 1566 3749 aureisque
1586 3611 1784 3746 juvare.
1871 3682 1876 3691 ·

401 3787 470 3889 Et
492 3787 703 3926 zephyri
729 3826 846 3888 cava
871 3825 964 3924 per
988 3788 1294 3905 calamorum
1321 3784 1467 3884 sibila
1492 3787 1713 3922 primum

397 3962 662 4100 Agresteis
688 3961 903 4061 docuere
930 3997 1072 4060 cavas
1098 3960 1276 4059 inflare
1303 3959 1519 4062 cicutas:

399 4133 527 4235 Inde
553 4137 838 4235 minutatim
864 4134 1054 4234 dulceis
1080 4133 1301 4233 didicere
1328 4136 1574 4272 querelae,

397 4306 547 4408 Tibia
573 4278 893 4444 quas'fundit
918 4306 1089 4445 digitis
1115 4307 1315 4442 pulsata
1339 4330 1625 4430 canentum,
1665 4404 1670 4415 .

397 4483 527 4584 Avia
550 4518 648 4619 per¹
667 4516 887 4600 nemora,
916 4517 972 4578 ac
1000 4479 1163 4617 sylvas
1189 4479 1447 4619 saltusque
1473 4494 1692 4619 reperta,
1712 4537 1724 4548 2·

234 4711 239 4722 ·
399 4654 498 4755 Per
520 4656 630 4755 loca
654 4677 914 4790 pastorum
941 4654 1153 4772 deserta,
1182 4675 1336 4792 atque
1362 4657 1464 4755 otia
1488 4656 1600 4758 dia:

400 4829 481 4929 Sic
506 4866 665 4929 unum
693 4828 947 4968 quidquid
972 4832 1235 4970 paullatim
1260 4831 1510 4970 protrahit
1534 4858 1655 4935 aetas

400 5000 460 5101 In
487 5001 725 5118 medium,
753 5005 982 5145 ratioque
1009 5008 1060 5107 in
1085 5008 1291 5108 luminis
1317 5009 1449 5107 eruit
1474 5047 1600 5111 oras

261 5213 267 5222 ’
398 5176 525 5279 Haec
551 5177 742 5277 animos
766 5178 878 5280 ollis
902 5181 1195 5283 mulcebant
1218 5175 1372 5327 atque
1389 5183 1639 5325 juvabant
