4598 6112
367 485 369 488 ’
479 489 549 614 so
843 523 902 612 r.
956 522 1390 615 Lucnnru
1442 495 1669 612 'caru

481 781 550 884 Et
574 779 742 881 sonitu
770 781 954 901 sterila,
981 805 1034 882 et
1057 788 1205 882 sueoo
1221 780 1401 918 jejuna
1424 778 1687 900 feruntur3

442 920 449 935 ⁸
481 954 533 1059 N
537 997 593 1057 ee
610 957 809 1094 jaciunt
832 957 992 1056 ullum
1018 957 1283 1094 proprium
1311 952 1374 1053 de
1398 988 1608 1089 corpore
1632 951 1856 1055 odorem.

480 1131 623 1234 Sicut
648 1135 917 1236 amaracini
942 1130 1204 1250 blandum,
1231 1151 1507 1267 stactaeque
1533 1129 1783 1265 liquorem

478 1306 548 1408 Et
572 1309 718 1410 nardi
743 1311 938 1429 florem,
965 1327 1139 1405 nectar
1165 1305 1254 1443 qui
1281 1303 1488 1404 naribus
1514 1301 1705 1422 halant,

480 1479 651 1602 Quom
675 1481 837 1582 facere
862 1481 1109 1600 instituas
1138 1480 1431 1616 cumprimis
1459 1513 1689 1617 quaerere
1717 1514 1810 1614 par
1831 1502 1925 1599 est,

479 1636 671 1777 Quoad
688 1659 821 1776 licet,
849 1695 906 1756 ac
931 1655 1063 1792 potis
1089 1691 1141 1753 es
1166 1657 1405 1791 reperire,
1433 1654 1669 1753 inolentis
1693 1653 1833 1756 olivi

470 1822 747 1950 Naturam,
775 1829 967 1928 nullam
991 1864 1110 1963 quae
1137 1829 1304 1926 mittat
1327 1825 1536 1926 naribus
1561 1863 1762 1925 auram:

477 2001 655 2124 Quam
671 2004 877 2104 minime
904 2024 963 2101 ut
985 2002 1144 2138 possit
1167 2003 1341 2101 mistos
1366 2002 1418 2100 in
1445 2037 1656 2138 corpore
1678 1997 1874 2118 odores,

477 2177 876 2316 Coueoctosque‚
904 2215 995 2277 suo
1019 2198 1276 2276 contactos
1299 2174 1514 2311 perdere
1539 2175 1663 2275 viro.

542 2349 820 2489 Propterea
843 2350 1048 2490 demum
1073 2349 1264 2450 debent
1287 2350 1569 2486 primordia
1594 2386 1765 2448 rerum

475 2524 599 2627 Non
625 2522 866 2625 adhibere
891 2561 1039 2626 suum
1067 2521 1346 2660 gignundis
1372 2521 1525 2623 rebus
1547 2523 1773 2642 odorem,

386 2793 394 2817 ,
474 2696 587 2800 Nee
612 2700 849 2818 sonitum,
878 2698 1122 2836 quoniam
1147 2695 1276 2797 nihil
1303 2695 1369 2796 ab
1393 2735 1445 2796 se
1467 2699 1669 2797 mittere
1693 2717 1935 2832 possunt,

474 2869 528 2974 N
531 2910 586 2972 ec
613 2873 765 2972 simili
790 2874 982 2973 ratione
1007 2909 1238 3010 saporem
1265 2870 1490 3010 denique
1513 2906 1832 3010 quemquam

474 3041 587 3147 Nee
601 3046 954 3186 frigunneque
967 3049 1089 3149 item
1104 3045 1687 3184 calidum,tepidumque
1700 3079 1954 3178 vaporem,
1971 3068 2024 3145 et

476 3217 690 3340 Caetera,
701 3258 818 3357 quae
830 3260 986 3359 quom
1003 3225 1073 3320 ita
1089 3243 1207 3320 sunt
1220 3220 1513 3335 tandem,ut
1525 3220 1758 3320 mortalia
1772 3242 2020 3342 constent,

475 3392 626 3495 Molli
649 3395 804 3530 lenta,
829 3393 1029 3533 fragosa
1051 3371 1208 3533 putri,
1236 3431 1356 3494 cava
1380 3431 1588 3530 corpore
1608 3432 1741 3514 raro,
1821 3484 1827 3498 .

475 3567 664 3671 Omnia
687 3568 791 3669 sint
811 3605 845 3667 a
867 3570 1132 3707 principiis
1158 3568 1384 3706 sejuncta
1408 3605 1609 3669 necesse
1634 3591 1729 3689 est,

474 3739 788 3844 Immortalis
812 3742 853 3840 si
871 3741 1107 3844 volumus
1130 3733 1437 3880 subjungere
1464 3741 1616 3842 rebus

475 3915 842 4036 Fundamenta,
869 3915 1058 4052 quibus
1084 3918 1277 4019 nitatur
1302 3954 1497 4017 summa
1518 3917 1729 4041 salutis3

459 4089 560 4227 =Nq
585 4087 679 4189 tibi
702 4126 784 4232 res
807 4087 1019 4191 redeant
1041 4091 1108 4192 ad
1132 4091 1297 4193 nilum
1321 4090 1553 4193 funditus
1576 4125 1767 4194 omnes.

309 4347 313 4350 .
455 4326 467 4343 -
541 4261 699 4364 Nunc
719 4300 804 4382 ea,
826 4300 944 4400 quse
970 4268 1155 4368 sentire
1171 4263 1400 4368 videmus
1425 4303 1646 4402 cunque,
1664 4258 1864 4368 neeesse
1882 4291 1961 4370 est

357 4533 383 4588 s
468 4436 555 4573 Ex
575 4421 901 4537 insensilibus
924 4458 1094 4537 tamen
1120 4438 1289 4539 omnia
1314 4436 1587 4539 confiteare
1778 4451 1781 4455 ’

166 4745 178 4764 .
469 4612 741 4751 Principiis
759 4621 1017 4714 constare:
1055 4649 1224 4751 nequo
1250 4608 1303 4709 id
1324 4608 1590 4712 manifesta
1613 4612 1852 4737 refutant,
1954 4582 1956 4587 ,

254 4760 257 4764 Δ
307 4773 310 4778 ’
470 4783 584 4889 Nec
612 4809 786 4888 contra
810 4810 1060 4928 pugnant,
1086 4789 1140 4888 in
1165 4805 1409 4926 promptu
1431 4787 1636 4924 cognita
1662 4792 1779 4926 qum?
1804 4813 1959 4914 tunt3

470 4958 571 5060 Sed
599 4964 757 5099 magis
780 4965 891 5101 ipss
913 5001 1068 5064 manu
1088 4961 1310 5078 ducunt,
1334 4981 1387 5058 et
1408 4960 1615 5061 eredere
1640 4985 1852 5100 cogunt,
1945 4929 1946 4933 l

469 5131 550 5239 Ex
574 5134 912 5261 insensilibus,
939 5136 1080 5282 quod
1107 5106 1242 5257 dieo,
1265 5137 1501 5241 animalia
1525 5140 1688 5279 gigni.

481 5322 483 5325 .
917 5301 947 5341 s
