4598 6112
462 534 531 630 39
797 545 891 633 Τ..“
925 539 1347 633 LUCRETII
1413 537 1627 631 CARI

468 799 719 922 Sanctius,
746 823 798 902 et
822 802 983 902 multo
1009 825 1146 903 certa
1171 801 1365 902 ratione
1391 798 1567 938 magis,
1596 837 1749 938 quarn

317 1034 321 1061 ·
466 973 672 1117 Pythia,
700 1014 820 1116 quae
843 976 1046 1116 tripode
1072 1016 1136 1078 ex
1163 974 1342 1077 Phoebi
1370 972 1616 1115 lauroque
1642 974 1898 1115 profatur;

466 1147 739 1290 Principiis
763 1174 935 1254 tamen
959 1153 1012 1253 in
1038 1191 1204 1255 rerum
1232 1153 1396 1253 fecere
1422 1151 1610 1270 ruinas,
1719 1216 1725 1225 ·

467 1325 537 1432 Et
561 1329 784 1466 graviter
808 1328 981 1466 magni
1008 1366 1193 1467 magno
1220 1326 1445 1428 cecidere
1472 1324 1542 1424 ibi
1570 1361 1705 1428 casu.

465 1604 469 1609 .
535 1499 782 1622 Primum,
811 1501 948 1641 quod
976 1527 1159 1624 motus,
1186 1508 1423 1642 exempto
1449 1499 1602 1634 rebus
1629 1501 1784 1619 inani,

470 1672 819 1800 constituunt,
840 1702 892 1779 et
916 1719 995 1780 res
1014 1680 1208 1780 molleis
1233 1716 1473 1817 rarasque
1499 1678 1821 1815 relinquunt,

465 1856 618 1975 Ae'ra,
646 1857 819 1978 solem,
846 1856 1035 1995 ignem,
1062 1877 1237 1973 terras,
1265 1853 1517 1972 animalia,
1545 1851 1768 1991 frugeis3

469 2027 585 2132 Neo
609 2031 1085 2132 tamenadrniscent
1109 2031 1161 2128 in
1189 2035 1361 2128 eorum
1390 2065 1575 2166 corpus
1600 2029 1766 2145 inane.

538 2205 758 2328 Deinde,
787 2208 927 2346 quod
954 2209 1160 2307 omnino
1185 2206 1338 2306 finem
1364 2244 1467 2305 non
1495 2242 1600 2304 esse
1628 2204 1856 2306 secandis

468 2379 781 2522 Corporibus
807 2383 1016 2504 faciunt,
1044 2420 1212 2520 neque
1238 2418 1446 2519 pansam
1476 2401 1607 2479 stare
1632 2377 1855 2518 fragori3
1913 2498 1915 2503 ,

467 2550 581 2657 Nec
597 2595 829 2694 prorsum
842 2559 895 2657 in
911 2556 1063 2659 rebus
1079 2558 1342 2657 minimum
1364 2556 1634 2656 consistere
1650 2555 1958 2694 quidquam:

467 2725 638 2850 Quom
666 2730 926 2833 videamus
951 2733 1003 2832 id
1031 2753 1316 2844 extremum
1343 2729 1632 2870 quojnsqne
1658 2769 1901 2836 cacumen

466 2900 608 3024 Esse,
630 2904 770 3042 qnod
798 2893 862 3005 ad
889 2943 1063 3007 sensus
1088 2926 1285 3006 nostros
1310 2905 1576 3005 minimum
1603 2938 1709 3006 esse
1734 2907 1957 3010 videtur:
2007 2882 2011 2888 .

467 3076 731 3218 Conjicere
757 3103 822 3217 ut
841 3082 1000 3219 possis
1021 3092 1086 3180 ex
1111 3078 1224 3201 hoc,
1251 3080 1389 3218 quod
1418 3118 1623 3185 cernere
1649 3120 1751 3184 non
1778 3087 1909 3224 quis,

466 3249 768 3356 Extremum
795 3255 941 3393 quod
967 3252 1175 3373 habent,
1202 3255 1468 3355 minimum
1495 3258 1765 3358 consistere
1791 3260 1960 3365 rebus.

539 3425 658 3530 Huc
686 3431 881 3532 accedit
905 3431 1041 3551 item,
1072 3431 1209 3569 quod
1229 3430 1335 3568 jam
1363 3430 1643 3569 primordia
1666 3470 1835 3538 rerum

467 3599 650 3705 Mollia
674 3607 1008 3729 constituunt,
1037 3616 1155 3745 quae
1180 3645 1273 3706 nos
1298 3610 1467 3710 nativa
1492 3608 1722 3713 videmus
1846 3638 1849 3643 ’

468 3776 607 3900 Esse,
634 3801 686 3880 et
711 3780 910 3880 mortali
939 3819 1053 3881 curn
1079 3819 1291 3920 corpore
1317 3781 1571 3909 fu‘uditus3
1598 3788 1743 3926 atqui
1778 3790 1790 3806 “

469 3953 672 4057 Debent
696 3957 760 4057 ad
779 3955 1001 4056 nibilum
1021 3956 1128 4094 jam
1155 3961 1324 4059 rerum
1349 3997 1545 4061 summa
1569 3968 1769 4091 reverti,

469 4128 552 4232 De
577 4133 841 4272 nihiloque
866 4136 1042 4233 renata
1065 4135 1308 4235 virescere
1334 4138 1482 4274 copia
1505 4178 1705 4246 rerum:
1761 4146 1764 4151 ’

469 4305 702 4427 Quorum
727 4333 1005 4448 utrumque
1031 4309 1156 4448 quid
1184 4348 1214 4410 a
1236 4350 1356 4412 vero
1372 4313 1480 4449 jam
1507 4317 1675 4438 distet,
1702 4318 1942 4434 habebas.

540 4482 760 4604 Deinde,
787 4486 991 4585 inimica
1015 4483 1178 4584 modis
1202 4487 1374 4586 multis
1400 4511 1534 4608 sunt,
1563 4513 1718 4632 atque
1741 4534 1938 4604 venena

469 4655 588 4796 lpsa
612 4658 709 4760 sibi
728 4659 867 4758 inter
891 4695 966 4784 se;
993 4662 1153 4797 quare
1178 4638 1266 4762 aut
1290 4700 1558 4802 congressa
1582 4667 1841 4805 peribunt,

466 4831 575 4933 Aut
599 4836 669 4934 ita
694 4831 983 4973 diffugient,
1011 4857 1073 4935 ut
1092 4857 1392 4974 tempestate
1417 4864 1602 4964 coorta,
1956 4954 1963 4966 ,
2046 4906 2065 4953 1

469 5005 707 5125 Fulmina
725 5007 994 5149 diffugere,
1019 5033 1175 5150 atque
1195 5011 1399 5116 imbreis
1414 5043 1696 5162 ventosque
1715 5027 1958 5140 uidemus.

539 5178 797 5327 Denique,
824 5186 1047 5325 quatuor
1070 5224 1135 5289 ex
1158 5183 1316 5289 ‘rebus
1336 5190 1380 5289 si
1404 5216 1587 5296 cuncta
1611 5209 1864 5363 creantur,
2001 5309 2008 5322 „
