4598 6112
453 1223 1821 1400 T.annnrrrcan1

602 1653 741 1755 ,DE
802 1645 1170 1744 RERUM
1226 1649 1667 1745 NATURA
1866 1665 1870 1671 ’

740 2018 1032 2126 LIBER
1080 2014 1544 2141 QUARTUS.

778 2501 1507 2517 m

400 2844 579 2992 Avia
607 2884 869 2989 Pieridum
893 2920 1110 3025 peragro
1134 2882 1245 2985 loca
1269 2883 1459 2987 nullius
1483 2910 1601 2988 ante

397 3057 541 3160 Trita
566 3061 699 3161 solo:
731 3059 878 3197 juvat
903 3060 1126 3196 integros
1151 3057 1389 3159 accedere
1414 3059 1614 3182 fonteis,

397 3232 573 3372 Atque
600 3231 832 3357 haurire3
864 3233 1118 3372 juvatque
1143 3272 1298 3334 novos
1323 3234 1595 3372 decerpere
1620 3235 1786 3356 flores,
1876 3204 1879 3211 Ι

233 3478 239 3484 -
399 3406 764 3549 Insignemqne
790 3447 902 3509 meo
928 3409 1080 3546 capiti
1105 3431 1278 3546 petere
1303 3411 1423 3510 inde
1449 3449 1684 3513 coronam
1852 3438 1857 3459 ¹

398 3585 554 3690 Unde
582 3587 722 3724 prius
749 3585 878 3684 nulli
905 3566 1119 3684 velarint
1141 3605 1371 3722 ,tempora
1397 3583 1582 3689 Musae.
1697 3592 1700 3601 ’

398 3759 627 3862 Primum
656 3758 796 3898 quod
823 3752 1026 3895 magnis'
1046 3756 1201 3859 doceo
1236 3759 1299 3860 de
1324 3758 1494 3882 rebus,
1522 3783 1573 3863 et
1596 3763 1748 3863 arctis

388 3932 742 4073 Relligionum
769 3934 960 4033 animos
985 3929 1131 4031 nodis
1157 3929 1413 4056 exsolvere
1439 3972 1628 4074 pergo:

398 4108 601 4211 Deinde
629 4107 769 4248 quod
795 4106 1009 4208 obseura
1034 4104 1097 4204 de
1122 4143 1176 4207 re
1202 4130 1306 4209 tarn
1331 4109 1503 4210 lucida
1527 4147 1699 4247 pango

399 4281 654 4405 Carmina,
680 4319 869 4383 musaeo
888 4280 1192 4417 'contingens
1218 4304 1400 4383 cuneta
1424 4283 1626 4420 lepore:

398 4456 460 4559 Id
487 4496 694 4600 quoque
721 4458 854 4557 eninr
879 4495 983 4556 non
1009 4455 1073 4555 ab
1099 4456 1242 4556 nul'la
1266 4457 1465 4557 ratione
1490 4457 1722 4563 videtur:

270 4698 274 4705 -
399 4632 538 4734 Nam
563 4633 721 4736 veluti
747 4633 918 4770 pueris
944 4628 1197 4733 absinthia
1221 4654 1354 4733 tetra
1379 4633 1644 4735 medentes

399 4806 574 4928 Quum
593 4808 723 4908 dare
739 4829 1012 4926 conantur,
1031 4807 1180 4944 prius
1204 4845 1316 4907 oras
1343 4806 1528 4945 pocula
1551 4807 1742 4913 circum
1870 4828 1874 4837 ’

400 4981 724 5121 Contingunt
740 4983 910 5082 mellis
937 4970 1073 5115 dplci
1099 4983 1334 5120 flavoque
1358 4981 1575 5122 liquore,

398 5153 473 5259 Ut
497 5194 776 5296 puerorum
802 5181 926 5259 aetas
953 5156 1238 5297 improvida
1260 5155 1552 5259 ludificetur
