4598 6112
772 555 1077 707 ‚tisun
1136 565 1528 710 sumus:
1794 616 1898 715 'uti

403 868 679 995 Fulminis3
716 867 827 973 haec
851 870 1013 972 multo
1033 874 1082 974 si·
1100 871 1230 974 forte
1256 870 1470 975 humore
1495 874 1688 1012 recepit
1812 971 1814 975 ,

402 1043 601 1183 Ignem,
625 1031 955 1151 continuo‘ut
977 1085 1165 1184 magno
1185 1047 1405 1147 clamore
1430 1048 1681 1150 trucidet:

400 1215 477 1320 Ut
501 1219 680 1320 calidis·
699 1222 921 1324 candens
944 1222 1138 1325 ferrum
1161 1261 1191 1322 e
1214 1221 1504 1336 fornacibus
1529 1223 1648 1324 olim

392 1387 599 1529 stridit,
621 1389 710 1493 ubi
734 1392 790 1493 iu
813 1395 1043 1532 gelidum
1067 1432 1284 1533 propere
1309 1395 1642 1499 demersimus
1659 1398 1901 1538 imbrem

468 1564 677 1669 Aridior
698 1604 862 1705 porro¹
875 1571 918 1679 si
943 1569 1105 1671 nubes
1121 1570 1315 1706 accipit
1335 1569 1545 1706 igncm‚‘

400 1734 585 1840 Uritur
608 1738 803 1879 ingenti
830 1726 997 1845 sonitu
1023 1734 1525 1878 succensarepente:

401 1909 728 2017 Lauricomos
755 1917 880 2017 utsi
902 1955 998 2056 per
1021 1919 1237 2019 monteis
1261 1918 1468 2017 flamme
1490 1941 1720 2057 vagetur,

397 2088 626 2193 Turbine
651 2116 914 2196 ventorum
941 2091 1243 2194 comburens
1268 2091 1457 2228 impete
1484 2129 1700 2230 magnov3

290 2237 293 2243 7
402 2263 517 2367 Nec
541 2305 620 2369 res
645 2267 751 2369 ulla
775 2268 936 2404 magis
962 2305 1118 2407 quum
1144 2263 1328 2367 Phoebi
1351 2262 1802 2403 Delphicolaurus

390 2434 637 2541 -Terrihili
663 2440 832 2542 sonitu
857 2441 1062 2542 flamme
1083 2441 1364 2578 crepitante
1388 2461 1658 2543 crematur.
1786 2451 1789 2455 ’
1863 2492 1866 2499 ·

470 2611 713 2754 Denique
738 2619 873 2755 saepe
898 2616 1001 2754 geli
1026 2616 1217 2717 multus
1240 2612 1427 2751 fragor,
1454 2632 1611 2750 atque
1632 2612 1786 2757 ruine
1802 2702 1817 2718 ‚.
1980 2672 1984 2678 ·

402 2783 694 2908 Grandinis‚
720 2789 773 2889 in
799 2792 996 2927 magnis
1021 2791 1245 2891 sonitum·
1266 2785 1355 2887 dat
1378 2783 1603 2889 nubibus
1620 2785 1747 2889 ulte.
1892 2874 1899 2893 ι

399 2957 597 3062 Ventus
622 2963 757 3065 enim
784 2997 940 3099 quom
965 2961 1223 3079 conbrcit,
1249 2958 1559 3097 franguntur
1582 2961 1636 3061 in
1661 2983 1858 3065 arctum
1892 3030 1894 3032 -

403 3136 641 3240 Concreti
656 3159 863 3239 montes
885 3133 1195 3253 nimborum,
1220 3155 1275 3234 et
1297 3133 1544 3273 grandine
1568 3136 1719 3241 misti.
1829 3228 1837 3245 .
1978 3154 1987 3161 ’

470 3312 645 3452 Fulgit
668 3314 808 3433 item,
835 3311 997 3413 nubes
1020 3311 1155 3450 ignis
1179 3345 1338 3448 quom
1359 3309 1554 3410 semina
1577 3309 1740 3412 multa
1768 3404 1772 3411 .
1820 3374 1825 3384 ·
1901 3410 1906 3416 .

401 3486 687 3628 Excussere
711 3527 801 3626 suo
826 3524 1105 3605 concursu,.
1122 3482 1459 3618 seulapidem
1483 3486 1526 3585 si
1612 3578 1633 3585 .,
1824 3616 1831 3627 ὗ

401 3660 663 3763 Percutiat
684 3661 835 3797 lapis,
856 3680 947 3760 out
968 3657 1174 3776 ferrum,
1201 3694 1320 3757 nam
1344 3679 1466 3761 tum·
1482 3695 1693 3799 quoque
1718 3658 1891 3769 lumen

400 3835 602 3958 Exedit,
626 3859 681 3937 et
704 3836 863 3939 clarus
887 3811 1128 3937 scintillas
1151 3829 1382 3968 dissupat
1403 3832 1553 3969 ignis.
1716 3926 1721 3937 .

471 4009 569 4110 Sed
597 4011 843 4112 tonitrum
865 4006 927 4106 fit
947 4005 1025 4106 uti
1051 4025 1169 4140 post
1191 4003 1398 4131 auribus
1417 4006 1726 4143 vaccipiamus
1839 4102 1842 4109 ,

400 4182 617 4323 Fulgere
643 4219 798 4322 quam
822 4202 1032 4282 cernant
1055 4149 1205 4297 oculi,
1231 4178 1355 4316 quia
1378 4171 1674 4315 semperud
1690 4181 1856 4281 aureis

398 4358 616 4461 Tardius
641 4359 933 4474 adveniunt,
959 4390 1115 4492 quum
1139 4352 1302 4463 visum
1327 4390 1444 4491 quae
1470 4374 1704 4464 moveant
1726 4389 1830 4475 res..

401 4530 463 4633 Id
488 4533 607 4633 licet
630 4529 751 4633 hino
773 4531 926 4633 etiam
949 4563 1282 4665 cognoscere3
1318 4527 1514 4633 caedcre
1538 4527 1752 4666 siquem
1784 4651 1786 4656 ἲ
1854 4618 1857 4625 ,
1881 4651 1885 4661 Ι

399 4705 628 4843 Ancipiti
645 4705 817 4806 rideas
837 4704 978 4806 ¹ferro
1001 4703 1182 4840 procul
1201 4700 1398 4806 arboris
1422 4725 1659 4822 auctum.
1811 4811 1813 4815 ,
1868 4676 1879 4687 .

400 4879 536 4980 Ante
560 4879 621 4981 fit
644 4901 703 4980 ut
725 4865 899 4981 ceruus
923 4882 1097 5001 ictum,
1123 4919 1280 5020 quam
1304 4881 1458 5017 plaga
1480 4916 1575 5018 per
1600 4878 1769 4981 aureis

402 5051 509 5154 Det
532 5054 781 5155 sonitumr
820 5054 890 5155 sic
905 5054 1165 5195 ¹fulgorem
1190 5090 1397 5194 quoque
1420 5054 1815 5204 cernimusunte

403 5226 844 5350 Quamtonitrum
865 5232 1156 5373 aocipimus,
1188 5228 1495 5372 pariterqui
1520 5228 1743 5345 mittitur
1762 5227 1907 5376 ignis

1104 5411 1121 5460 1
1139 5417 1158 5461 t.
1175 5411 1192 5460 1
