4598 6112
749 528 1028 626 trane
1088 516 1558 624 sucunnus‘.
1835 526 1909 641 87·

405 783 643 891 Difficilis
667 794 829 932 magis
855 792 920 894 ad
946 791 1256 897 credendum
1281 811 1510 914 constet3
1547 786 1799 931 itemque*
1832 846 1836 863 .
1891 789 1906 874 *³

252 1006 254 1010 ·
404 942 498 1065 Nil
526 966 652 1067 adeo
677 1006 938 1108 magnum,
963 989 1188 1070 nectam
1212 963 1442 1066 mirabile
1469 960 1754 1104 quidquam
1800 1006 1803 1013 ¹
1861 969 1884 1016 ·'

394 1135 678 1278 ‘Principi0,
717 1143 858 1281 quod
883 1114 987 1245 non
1011 1143 1244 1244 minuant
1267 1143 1497 1242 mirarier
1518 1167 1693 1242 ornnes
1748 1139 1760 1186 ⁵
1901 1140 1907 1147 ’

402 1308 709 1440 Paullatim3
750 1336 806 1418 ut
830 1295 1158 1419 eceli-clarum
1183 1346 1480 1456 purumque
1507 1316 1742 1439 colorem,
1785 1306 1787 1310 ’
1861 1330 1864 1335 ’
1895 1320 1898 1324 ’

405 1485 681 1629 Quemque
707 1492 767 1592 in:
787 1530 839 1593 se
864 1491 1105 1594 cohibent
1129 1493 1354 1630 palantia
1379 1490 1544 1593 sidera
1568 1485 1781 1629 passim,·
1839 1494 1843 1502 ’

404 1655 743 1804 Lunaequeet
766 1668 883 1768 solis
907 1667 1291 1806 praeclaradnce
1315 1669 1566 1767 nitorem:

403 1834 594 1941 Omnia
619 1879 738 1979 quae
765 1845 806 1942 si
832 1881 968 1945 nnnc
993 1839 1541 1982 primum'mortalib'us
1568 1839 1751 1962 adsint,

402 2011 485 2114 Ex
509 2015 782 2153 improviso
807 2055 900 2119 ceu
927 2014 1251 2156 sintebjecta
1275 2042 1501 2157 repente,
1525 2028 1529 2035 ’
1630 2004 1643 2017 ”

273 2178 276 2185 ’
382 2201 388 2325 J
403 2183 545 2307 Quid
572 2192 732 2329 magis
756 2188 836 2292 his
861 2190 1014 2295 rebus
1037 2217 1238 2331 poterat
1255 2194 1485 2296 mirabile
1512 2195 1628 2317 dici,

400 2360 510 2463 Aut
535 2365 701 2466 minus
727 2386 843 2480 ante
870 2366 1009 2506 quod
1030 2367 1279 2470 auderent
1301 2369 1409 2471 fore
1434 2371 1640 2473 credere
1665 2362 1888 2511 'genteri'
2050 2433 2052 2439 ,
2216 2453 2220 2460 .

402 2533 513 2658 Nil,
540 2561 599 2639 ut
622 2541 831 2679 opin0r3
868 2541 941 2640 ita
964 2538 1075 2645 haec
1100 2547 1291 2684 species
1315 2545 1546 2647 miranda
1563 2536 1748 2651 'fuisset
1762 2586 1776 2671 3

402 2710 574 2834 Quom
599 2712 694 2814 tibi
711 2715 821 2853 jam
846 2752 995 2815 nerno
1018 2714 1180 2822 fessus
1205 2722 1381 2822 satiate
1397 2720 1613 2824 ‘videndi
1639 2710 1645 2723 ’
1820 2751 1826 2761 ·
1864 2715 1868 2723 ’

401 2886 669 3027 Suspicere
696 2891 749 2990 in
775 2891 893 2991 coeli·
915 2875 1158 3029 dignatur
1183 2897 1353 3000 lucida
1374 2898 1599 3037 templa:
1688 2888 1693 2897 ’
1780 2936 1783 2941 ’
1890 2884 1896 2893 ’

400 3060 592 3167 Desine
620 3090 937 3207 quapropter
960 3073 1184 3173 novitate
1209 3074 1483 3174 exterritus
1508 3064 1646 3211 ipsa¹
1677 3059 1683 3068 ’
1887 3080 1892 3091 ’

399 3236 666 3381 Exspuere
692 3281 758 3344 ex
782 3221 952 3346 animo
974 3247 1252 3372 rationem3
1291 3246 1565 3386 sed'magis
1590 3245 1695 3347 acri
1853 3246 1857 3277 '

396 3411 431 3516 J
435 3417 605 3520 udicio
626 3421 909 3558 perpende,
934 3444 1003 3544 et,
1031 3423 1072 3524 si
1096 3422 1192 3524 tibi
1216 3422 1569 3542 veravidetur,

375 3588 551 3694 ·Dede
577 3633 775 3717 manue·
804 3618 908 3718 aut,
935 3599 977 3698 si
1001 3596 1128 3699 falsa
1152 3620 1244 3720 est,
1271 3598 1531 3735 accingere
1551 3618 1740 3697 contra.
1814 3588 1819 3597 ’
1886 3586 1891 3595 ’

472 3768 674 3892 Quaerit
698 3775 835 3874 enim
862 3774 1056 3876 ratione
1081 3772 1295 3895 animus,
1317 3807 1474 3912 quern
1499 3805 1696 3871 summa
1712 3767 1811 3869 loci
1836 3769 1901 3869 sit
1956 3787 1959 3793 ’

400 3942 610 4047 Infinita
632 3946 771 4069 'forie
799 3945 909 4048 haec
935 3968 1080 4047 extra
1104 3944 1509 4070 mueniamundi,
1544 3973 1549 3987 ·
1583 3974 1590 3987 ‘
1708 3974 1711 3981 “

403 4120 546 4244 Quid
575 4122 640 4221 sit
663 4120 735 4222 ibi
764 4146 939 4261 porro,‘
958 4158 1064 4261 quo
1088 4123 1377 4260 prospicere
1402 4157 1566 4259 usque
1591 4118 1715 4219 velit
1737 4118 1896 4238 mens',

253 4420 256 4429 Ι
332 4288 346 4302 ’
400 4296 576 4435 Atque
601 4298 757 4397 animi
774 4296 943 4435 jactus
968 4294 1100 4406 liber
1111 4334 1225 4435 ¹qno
1241 4295 1470 4434 pervolet
1494 4289 1619 4432 ipse.
1768 4294 1771 4299 ’
1851 4290 1859 4308 ‘
1945 4368 1951 4378 .

471 4470 748 4610 Principi0,
786 4464 933 4572 nobis
958 4473 1013 4573 in
1039 4494 1246 4574 cunctas
1269 4470 1504 4610 undique
1529 4470 1733 4616 parteis,
1787 4507 1811 4599 j

400 4643 472 4747 Et
493 4648 651 4748 latere
677 4685 742 4746 ex
769 4669 1004 4787 utreque,
1031 4646 1178 4768 infra,
1207 4662 1510 4787 superaque,
1542 4681 1638 4783 per
1661 4642 1810 4746 ornne

400 4818 566 4922 Nulla
589 4843 665 4922 est
688 4821 820 4944 finis,
851 4823 928 4922 uti
953 4820 1123 4943 docui,
1147 4828 1232 4922 res
1252 4823 1467 4959 ipsaque
1492 4855 1587 4957 per
1612 4857 1664 4918 se
1708 4819 1711 4823 ’
1850 4822 1855 4833 ’

399 4990 739 5115 Vociferatur,
777 5017 831 5095 et
854 4997 1021 5097 elucet
1044 5018 1229 5098 natura
1251 4990 1517 5134 profundi

397 5165 566 5299 *Nullo
584 5168 693 5307 jam
717 5190 868 5308 pacto
891 5170 1163 5272 verisimile
1188 5207 1301 5273 esse
1319 5168 1724 5330 putandupnert,
1828 5249 1833 5258 .
