4598 6112
807 487 1085 627 menn
1147 534 1558 629 colurus.
1814 541 1912 634 aar

421 799 711 906 Utilitatem
737 797 977 934 aliquam,
1006 833 1165 932 quare
1189 816 1482 932 pateremur
1506 834 1680 898 eorum

423 974 666 1076 Praesidio
691 993 861 1072 nostro
886 971 1023 1106 pasci
1048 1006 1226 1107 genus,
1252 1007 1464 1109 esseque
1482 976 1686 1074 tntuml

422 1149 624 1251 Scilicet
648 1145 757 1247 haec
782 1145 892 1244 aliis
917 1143 1107 1280 praedae
1132 1142 1377 1281 lucroque
1395 1143 1635 1280 jacebant

419 1320 731 1459 Indnpedita
756 1318 863 1418 suis
883 1315 1121 1417 fatalibus
1145 1320 1528 1441 omniamodis,

417 1493 677 1599 Donicnm
701 1492 766 1594 ad
791 1491 1054 1592 interitum
1079 1530 1240 1629 genus
1265 1493 1319 1593 id
1344 1517 1526 1594 natura
1551 1496 1765 1636 redegit.

476 1669 580 1772 Sed
599 1706 767 1808 neque
785 1664 1029 1765 Centauri
1046 1665 1275 1788 fuerunt,
1291 1707 1460 1807 neque
1476 1690 1706 1806 tempore
1726 1672 1777 1772 in
1799 1673 1908 1778 ullo

413 1840 542 1946 Esse
563 1864 720 1983 queat
744 1841 939 1978 duplici
962 1862 1162 1961 natu-ra,
1182 1865 1234 1941 et
1257 1880 1469 1980 corpore
1492 1842 1612 1944 bino

414 2015 498 2118 Ex
522 2017 822 2157 alienigenis
844 2014 1083 2117 membris
1107 2041 1372 2154 compacta
1395 2039 1640 2154 potestas,
1782 2149 1787 2160 Ι

413 2187 551 2292 Hinc
577 2193 716 2292 illinc
741 2227 834 2327 par
858 2191 931 2291 vis
955 2212 1015 2292 nt
1038 2229 1145 2290 non
1167 2194 1236 2292 sic
1261 2230 1368 2292 esse
1393 2193 1528 2328 potis
1553 2193 1646 2292 sit:

412 2361 474 2464 ld
501 2365 620 2466 licet
645 2363 763 2464 hinc
789 2365 1018 2501 quamvis
1046 2362 1215 2464 hebeti
1242 2403 1542 2502 cognoscere
1567 2364 1739 2468 corde.

480 2536 754 2679 Principio,
781 2538 969 2639 circum
995 2535 1159 2638 tribus
1183 2541 1305 2640 actis
1330 2540 1550 2676 impiger
1569 2541 1719 2639 annis-

409 2709 1902 2852 Floretequus,puerhandquaquamzquinsaepeetiamnurn

407 2884 584 2991 Ubera
608 2925 940 2989 mammarum
966 2888 1016 2988 in
1045 2887 1232 2988 somnis
1259 2887 1496 2989 lactantia
1521 2914 1733 3027 quaeret.

407 3059 530 3163 Post
554 3061 642 3162 ubi
670 3101 859 3201 equom
880 3061 1062 3163 validae
1087 3063 1216 3164 vires
1242 3078 1631 3184 aetate'senecta,

407 3235 747 3377 Membraque
772 3236 1019 3337 deficiunt
1041 3235 1261 3376 fugienti
1286 3237 1529 3375 languida
1551 3239 1687 3362 vita3

353 3394 356 3399 ’
402 3408 542 3514 Turn
565 3411 772 3513 demum
795 3414 969 3549 pneris
994 3451 1102 3512 aevo
1124 3414 1338 3513 florente
1356 3414 1600 3550 juventas

406 3584 627 3722 Occipit,
648 3609 701 3685 et
724 3586 864 3685 molli
882 3588 1033 3687 vestit
1056 3587 1297 3726 lanugine
1324 3568 1513 3687 malas:

405 3758 458 3861 N
463 3799 491 3860 e
516 3759 646 3860 forte
670 3798 737 3860 ex
760 3757 964 3860 homine
989 3782 1043 3859 et
1065 3759 1290 3861 veterino
1315 3760 1503 3859 semine
1531 3797 1782 3899 equorum

404 3931 627 4032 Confieri
653 3931 828 4032 credas
857 3929 1147 4033 Centauros·
1163 3969 1311 4068 posse
1336 3970 1429 4032 nec
1455 3971 1596 4036 esse:

194 4190 200 4201 .
230 4153 233 4157 ·
399 4108 509 4208 Aut
531 4106 721 4244 rapidis
745 4105 958 4208 canibus
982 4106 1259 4207 succinctas
1283 4106 1617 4208 semimarinis

402 4280 715 4420 Corporibus
741 4281 951 4421 Scyllas,
978 4302 1031 4379 et
1054 4301 1235 4380 caetera
1260 4277 1529 4417 degenere
1550 4281 1753 4405 horum,

399 4452 542 4556 Inter
568 4493 619 4556 se
645 4494 865 4596 qnorum
891 4452 1143 4555 discordia
1161 4451 1392 4553 membra
1405 4454 1669 4559 uidemus:

398 4625 531 4750 Quae
557 4667 725 4768 neque
750 4631 1025 4730 florescunt
1049 4626 1256 4763 pariter,
1277 4664 1446 4763 neque
1472 4610 1656 4731 robora
1680 4649 1892 4731 sumunt

399 4801 731 4941 Corporibus,
758 4840 927 4943 neque
950 4798 1226 4940 projiciunt
1250 4823 1398 4902 aetate
1425 4826 1652 4926 senecta3

397 4976 511 5081 Nec
537 4980 689 5080 simili
712 4975 911 5081 Venere
936 4977 1223 5115 ardescunt,
1250 5015 1344 5078 nec
1369 4973 1593 5076 moribus
1618 4975 1739 5075 unis
1782 5028 1794 5047 ·

397 5149 738 5277 Conveniunt,
762 5190 854 5256 nec
880 5177 1001 5258 sunt
1024 5154 1205 5256 eadem:
1217 5152 1450 5294 jucunda
1473 5189 1566 5291 per
1590 5174 1766 5254 artusr
