4598 6112
397 498 500 632 sss
719 511 778 601 r.
846 505 1282 601 Lucuurrr
1349 507 1563 600 cunr

404 767 722 905 Exprimitur
743 771 835 890 vis,
862 790 1016 906 atque
1041 766 1157 867 ideo
1182 768 1319 868 volat
1343 769 1540 906 impete·
1559 766 1702 887 miro,
1856 777 1877 785 ‘⁴

400 939 477 1044 Ut
498 942 678 1043 validis
704 982 822 1082 quac
849 944 912 1044 de
938 943 1203 1042 tormentis
1227 943 1377 1073 missa
1402 923 1653 1043 feruutur.
1734 987 1737 995 ·

468 1117 623 1217 Adde
648 1118 787 1256 quod
815 1158 842 1219 e
867 1120 1035 1256 parvis
1060 1156 1117 1218 ac
1140 1113 1353 1216 laevibus
1379 1141 1455 1219 est
1479 1118 1771 1219 elementis:

259 1386 262 1392 .
404 1288 519 1393 Nec
543 1291 692 1398 facile
715 1316 792 1394 est
817 1293 906 1393 tali
930 1317 1128 1393 naturae
1153 1287 1394 1395 obsistere
1421 1291 1703 1430 quidquam
1724 1333 1737 1416 3

402 1463 546 1567 Inter
569 1467 703 1567 enim
729 1465 878 1604 fugit,
906 1506 963 1569 ac
989 1488 1225 1606 penetrat
1248 1502 1342 1603 per
1366 1503 1484 1566 rara
1503 1466 1723 1571 viarum..

403 1636 526 1741 Non
553 1641 712 1778 igitur
736 1642 908 1742 multis
933 1639 1209 1743 offensibus
1234 1639 1288 1739 in
1313 1640 1614 1741 remorando

402 1789 651 1915 Haesitatr
688 1811 818 1918 hanc
842 1813 910 1917 ob
934 1853 1041 1958 rem
1067 1816 1218 1916 celeri
1242 1812 1379 1914 volat
1402 1815 1590 1952 impete
1615 1809 1808 1918 labens.

474 1988 695 2110 Deinde,
723 1992 863 2131 quod
889 1994 1095 2093 omnino
1118 2013 1300 2093 natura
1328 1990 1555 2127 pondera
1579 1990 1820 2093 deorsum

405 2164 596 2269 Omnia
621 2168 883 2276 nituntur:
925 2207 1081 2308 quom
1108 2170 1260 2306 plaga
1285 2168 1348 2268 sit
1375 2167 1548 2268 addita
1571 2188 1707 2287 vem,
1871 2251 1878 2273 .

404 2339 670 2444 Mobilitas
695 2341 1002 2481 duplicatur,
1030 2365 1081 2443 et
1105 2345 1327 2482 impetus
1350 2343 1436 2443 ille
1461 2344 1709 2482 gravescit
1728 2383 1751 2447 :x

404 2515 481 2621 Ut
506 2517 870 2640 vehementius,
896 2542 949 2620 et
972 2520 1488 2665 citiuq‘quaecunque
1514 2540 1781 2621 morantur

407 2694 578 2797 Obvia
603 2697 842 2796 discutiat
867 2694 1049 2834 plagiS,
1077 2694 1332 2834 itinerque
1359 2683 1621 2834 sequatur.
1790 2763 1794 2767 -

478 2870 737 3010 Denique,
765 2869 904 3009 quod
931 2869 1084 3008 longo
1109 2871 1248 2971 veuit
1271 2871 1476 3008 impete,
1504 2907 1702 2971 sumere
1729 2867 1885 2978 debet

407 3044 767 3166 Mobilitatem,
789 3046 941 3146 etiam
968 3032 1123 3182 atque
1149 3047 1301 3146 etiam
1325 3083 1444 3185 quae
1470 3047 1649 3148 crescit
1674 3048 1862 3171 eundo,

408 3220 478 3324 Et
500 3221 691 3323 validas
716 3242 869 3358 auget
893 3220 1058 3340 vireiS,
1086 3242 1137 3318 et
1162 3219 1367 3321 roborat
1391 3221 1546 3321 ictum
1570 3261 1580 3321 :

409 3395 546 3499 Nam
572 3396 709 3515 facit,
735 3418 809 3514 ut,
837 3432 955 3533 quae
981 3395 1082 3494 sint
1105 3393 1241 3513 illius
1268 3396 1462 3496 semina
1486 3432 1727 3534 cumque,

408 3570 455 3676 E
481 3574 686 3712 regione
712 3571 880 3672 locum
907 3570 1050 3708 quasi
1076 3571 1128 3679 in
1154 3609 1316 3674 unum
1343 3594 1526 3675 cuncta
1551 3571 1796 3697 ferantur,

409 3750 601 3854 Omnia
625 3747 897 3884 conjiciens
923 3745 975 3843 in
1001 3781 1115 3844 eum
1143 3747 1395 3848 volventia
1419 3783 1639 3848 cursum.

481 3926 670 4029 Forsan
698 3945 749 4024 et
773 3960 837 4022 ex
862 3922 973 4058 ipso
994 3923 1199 4050 veniens
1223 3921 1383 4023 trahit
1407 3925 1522 4023 aiire
1550 3922 1789 4060 quaedam

411 4102 657 4242 Corpora,
686 4113 803 4238 quae
828 4097 994 4235 plagis
1019 4096 1295 4199 intendunt
1319 4096 1670 4199 mobilitatem.

482 4275 891 4412 Incolumeisque
916 4272 1056 4373 venit
1081 4308 1175 4410 per
1199 4311 1294 4395 res,
1323 4295 1478 4411 atque
1502 4272 1704 4410 integra
1733 4273 1912 4379 transit

411 4454 599 4575 Multa,
625 4444 957 4551 foraminibus
982 4447 1193 4586 liquidis
1220 4449 1343 4587 quia
1365 4445 1581 4547 travolat
1604 4445 1737 4586 iguis
1755 4487 1780 4572 :¹

414 4611 687 4768 Multaque
712 4621 1000 4764 perfringit,
1029 4642 1184 4761 quom
1212 4658 1424 4762 corpora
1447 4619 1672 4721 fulminis
1697 4622 1809 4759 ipsa
1853 4660 1855 4664 ·
2004 4629 2010 4640 ’

414 4802 729 4949 Corporibus
755 4834 926 4901 rerum
952 4799 1241 4920 inciderint,
1270 4834 1374 4936 qua
1397 4817 1538 4940 texta
1562 4816 1819 4903 tenentur.

484 4981 730 5087 Dissolvit
754 5014 906 5119 porro
932 4977 1080 5080 facile
1107 5021 1195 5104 aes,
1224 4988 1510 5119 aurumque
1535 4994 1747 5116 repente

416 5157 818 5283 Confervefacit13
857 5194 884 5258 e
910 5157 1078 5296 parvis
1105 5157 1227 5299 quia
1251 5154 1388 5256 facta
1407 5152 1603 5257 minute
