4598 6112
758 532 1034 624 ninnn
1086 525 1528 626 01133333.
1792 519 1890 632 169

399 797 509 899 Aut
533 793 630 896 alia
654 832 719 893 ex
744 786 840 892 alia
864 787 1277 931 133133,331331]ι33
1303 783 1576 934 sequetur:

311 1044 314 1051 2
402 970 557 1092 Quod
583 1008 646 1071 ne
672 965 928 1086 miremur,
957 998 1121 1103 sopor,
1149 989 1303 1107 atque
1328 967 1515 1068 oblivia
1539 988 1735 1067 curant.

470 1145 616 1248 Istud
642 1145 693 1243 in
720 1140 798 1242 his
823 1138 974 1242 rebus
998 1142 1175 1241 vitium
1202 1138 1527 1242 vehementer
1543 1138 1728 1245 inesse:
1866 1138 1871 1193 ³

401 1316 643 1456 Effugere
669 1350 906 1435 errorem,
931 1316 1194 1454 vitareque
1219 1338 1628 1453 praenretuenter,
1759 1354 1763 1362 ·

403 1490 622 1593 Lumina
646 1529 709 1589 ne
734 1487 887 1589 facias
912 1487 1172 1588 oculorum
1199 1491 1332 1590 clara
1357 1512 1538 1610 333313,

399 1663 693 1803 Prospicere
721 1684 779 1763 ut
803 1667 1078 1800 possimus3
1117 1686 1183 1784 et,
1210 1688 1271 1766 ut
1292 1664 1519 1804 proferre
1544 1667 1644 1767 viai

307 1944 310 1949 f
401 1836 641 1939 Proceros
666 1874 857 1974 passus,
885 1837 1000 1938 ideo
1024 1835 1225 1977 fastigia
1248 1876 1394 1978 posse

387 2016 663 2135 Sumrum,
692 2052 748 2114 ao
772 2011 1016 2114 feminum
1042 2012 1262 2151 pedibus
1285 2014 1499 2118 fundata
1523 2017 1729 2154 plicari3

373 2178 617 2293 'Brachia
640 2212 751 2290 tum
777 2225 930 2327 porro
956 2190 1134 2292 validis
1160 2230 1223 2292 ex
1250 2214 1370 2328 apta
1394 2193 1592 2293 lacertis

401 2365 541 2489 Esse,
571 2402 852 2505 manusque
878 2365 1020 2467 datas
1047 2393 1262 2510 utraque
1289 2408 1318 2470 3
1342 2391 1486 2507 parte
1512 2370 1780 2492 ministrae,

318 2518 324 2529 Ι
400 2539 476 2643 Ut
499 2540 663 2642 facere
690 2541 754 2640 ad
781 2542 930 2640 vitam
960 2544 1204 2678 possimus
1229 2584 1348 2683 quee
1372 2533 1503 2645 foret
1525 2584 1662 2648 usus.

367 2775 372 2784 .
471 2714 673 2819 Caetera
697 2712 762 2816 de
786 2754 970 2854 genere
999 2716 1092 2818 hoe
1110 2719 1243 2819 inter
1262 2757 1583 2860 quaecunque
1603 2745 1885 2861 pretantur,

402 2888 591 2991 Omnia
615 2929 848 3029 perversa
874 2913 1186 3030 praepostera
1207 2915 1327 2994 sunt
1350 2894 1573 3019 ratione3

400 3065 494 3168 Nil
521 3067 647 3167 adeo
674 3065 917 3205 quoniam
942 3085 1117 3164 natum
1144 3088 1220 3166 est
1243 3067 1296 3166 in
1323 3103 1548 3205 corpore,
1574 3091 1634 3169 ut
1657 3072 1749 3171 uti.
1884 3108 1889 3119 ·

398 3239 683 3361 Possemus,
711 3239 799 3340 sed
825 3235 966 3379 quod
992 3260 1167 3339 natum
1193 3262 1284 3361 est,
1311 3242 1361 3341 id
1391 3266 1622 3380 procreat
1645 3282 1826 3348 usum}

260 3468 262 3473 ¹
399 3411 514 3519 Neo
538 3416 639 3518 fuit
664 3437 780 3516 ante
804 3415 975 3516 videre
1001 3415 1260 3517 oculorum
1287 3417 1481 3518 lumina
1505 3442 1654 3545 nata3

399 3588 453 3690 N
457 3630 513 3691 eo
541 3590 688 3690 dictis
714 3627 855 3689 orare
885 3589 1039 3726 prius,
1068 3626 1221 3729 quam
1248 3589 1426 3729 lingua
1450 3614 1616 3693 creata
1641 3615 1746 3696 est:
1784 3584 1787 3588 ’

400 3762 503 3865 Sed
528 3765 699 3903 potius
725 3764 876 3901 longe
900 3763 1093 3902 linguae
1119 3767 1382 3903 praeeessit
1396 3767 1539 3904 origo

399 3938 692 4041 Sermonem
711 3935 737 4060 3*
764 3939 1029 4078 multoque
1055 3963 1235 4041 creatae
1261 3964 1381 4041 sunt
1402 3942 1544 4078 prius
1569 3978 1732 4063 aures,

400 4110 569 4234 Quam
589 4150 740 4214 sonus
766 4135 843 4212 est
867 4114 1100 4219 auditus:
1141 4138 1195 4223 et
1217 4118 1387 4217 omnia
1412 4115 1634 4253 denique
1660 4112 1887 4216 membra

396 4290 533 4393 ‘Ante
559 4289 701 4392 fuere
727 4292 813 4426 (ut
836 4276 1042 4425 opinor)
1069 4327 1240 4391 eorum
1270 4328 1424 4430 quam
1447 4290 1579 4390 foret
1601 4327 1754 4392 usus:

326 4516 329 4521 ·
399 4466 451 4569 H
455 4467 552 4569 aud
581 4467 739 4604 igitur
761 4485 971 4603 potuere
997 4462 1174 4564 utendi
1201 4457 1419 4565 crescere
1445 4459 1608 4565 cau'sa.

467 4640 540 4743 At
587 4662 764 4741 contra
788 4635 1015 4739 conferre
1040 4674 1193 4738 manu
1220 4638 1494 4738 certamina
1517 4673 1724 4775 pugnae,

396 4813 468 4920 Et
492 4816 710 4920 lacerare
737 4836 892 4935 331113,
917 4808 1211 4950 foedareque
1235 4811 1462 4914 membra
1481 4809 1673 4950 cruore,

397 4990 533 5092 Ante
558 4990 658 5093 fuit
680 4987 857 5107 multo,
887 5022 1041 5126 quam
1064 4984 1234 5085 lucida
1257 4986 1360 5087 tela
1380 4985 1637 5135 volarent:

398 5164 468 5271 Et
490 5170 670 5271 volnus
696 5169 853 5268 vitare
877 5157 1020 5304 prius
1044 5171 1226 5265 natura
1251 5160 1417 5300 coegit
1562 5197 1565 5204 ·
