4598 6112
405 502 500 606 192
737 509 797 598 Τ.
859 508 1288 603 LUCRETII
1354 509 1564 603 CARI

329 796 333 805 '
399 765 631 870 Pendere
658 806 742 869 eos
766 806 941 907 poenas
967 770 1172 871 immani
1198 807 1292 907 pro
1318 768 1505 871 scelere
1530 776 1740 892 omneis,

401 942 506 1063 Qui
537 943 728 1042 ratione
755 979 847 1042 sua
870 942 1159 1053 disturbent
1183 947 1367 1047 moenia
1385 943 1581 1065 muudi,

400 1116 816 1257 Praeclarumque
843 1118 1003 1219 velint
1026 1123 1136 1221 coeli
1162 1121 1478 1257 restinguere
1504 1119 1676 1242 solem,

401 1292 715 1396 Immortalia
735 1295 939 1395 'mortali
966 1333 1193 1396 sermone
1219 1315 1466 1394 notantes.

473 1466 606 1588 Quae
632 1468 812 1607 procul
838 1507 1002 1607 usque
1028 1469 1154 1571 adeo
1179 1469 1351 1570 divino
1370 1464 1435 1567 ab
1461 1468 1669 1568 numine
1689 1464 1897 1587 distant,

402 1640 571 1784 Inque
596 1641 749 1741 detlm
776 1679 991 1743 numero
1017 1643 1085 1745 sic
1111 1665 1231 1744 sunt
1255 1640 1467 1780 indigna
1492 1640 1670 1762 videri,

402 1815 654 1919 Notitiam
679 1815 853 1950 potius
879 1812 1107 1953 praebere
1133 1837 1190 1915 ut
1215 1852 1359 1954 posse
1384 1837 1648 1954 putentur,

402 1987 541 2110 Quid
570 1991 634 2089 sit
657 1988 796 2088 vitali
824 2009 966 2088 motu
992 2025 1246 2127 sensuque
1271 2012 1537 2093 remotum.

403 2161 614 2302 Quippe
640 2163 828 2263 etenim
855 2199 956 2263 non
981 2186 1059 2263 est
1083 2203 1199 2266 cum
1226 2164 1406 2302 quovis
1431 2180 1640 2302 corpore
1666 2187 1726 2269 ut
1750 2201 1857 2267 esse

403 2339 555 2441 Posse
581 2338 735 2439 animi
764 2359 945 2437 natura
967 2360 1197 2475 putetur,
1224 2338 1625 2478 consiliumque:

403 2513 547 2616 Sicut
572 2514 623 2612 iu
650 2509 839 2613 aethere
866 2551 968 2615 non
994 2512 1158 2635 arbor,
1185 2511 1354 2615 necin
1383 2550 1591 2652 aequore
1611 2514 1741 2615 salso

404 2682 588 2787 Nubes
614 2722 721 2784 esse
748 2694 962 2822 queunt,
989 2722 1156 2826 neque
1182 2689 1346 2826 pisces
1372 2689 1537 2789 vivere
1563 2687 1615 2788 in
1641 2687 1802 2810 arvis3

405 2859 519 2963 Nec
544 2896 695 2963 cruor
718 2860 769 2959 in
795 2859 965 2998 lignis,
992 2899 1085 2963 nec
1111 2863 1241 2963 saxis
1267 2897 1446 2963 succus
1469 2858 1661 2960 inesse:

404 3033 612 3136 Certum
629 3074 686 3134 ac
702 3033 999 3171 dispositum
1017 3036 1205 3157 est,ubi
1217 3031 1472 3175 quidquid
1488 3053 1681 3181 creseat
1695 3053 1748 3133 et
1759 3031 1896 3135 insit.

404 3210 487 3310 Sic
512 3209 666 3308 animi
692 3230 873 3308 natura
898 3212 1081 3348 nequit
1105 3212 1211 3311 sine
1237 3245 1446 3346 corpore
1471 3206 1591 3306 oriri

404 3380 541 3500 Sola,
567 3417 737 3517 neque
762 3418 792 3481 a
818 3381 998 3498 nervis,
1025 3404 1079 3481 et
1101 3384 1347 3522 sanguine
1373 3381 1593 3518 longiter
1618 3415 1755 3479 esse:
1830 3374 1839 3389 '

404 3553 518 3655 Hoc
544 3557 580 3654 si
610 3575 778 3691 posset
801 3554 954 3674 enim,
981 3556 1141 3657 multo
1169 3558 1308 3694 prius
1332 3557 1442 3695 ipsa
1465 3556 1621 3656 animi
1647 3555 1722 3655 vis

403 3726 464 3828 ln
490 3730 673 3865 capite,
699 3751 788 3827 aut
814 3725 1053 3846 humeris
1080 3751 1169 3828 aut
1194 3730 1305 3831 imis
1331 3731 1551 3833 calcibus
1577 3770 1686 3834 esse

401 3899 591 4021 Posset,
617 3925 670 4001 et
695 3902 885 4003 innasci
912 3905 1088 4042 quavis
1111 3905 1163 4005 in
1192 3928 1336 4042 parte
1361 3908 1577 4010 soleret:

396 4074 876 4177 Tandemineodem
888 4075 1322 4218 bomiue‚atquein
1334 4088 1637 4192 eodemvnse
1651 4116 1894 4196 maneret

400 4251 554 4373 Quod
572 4255 812 4391 qrroniam
836 4276 1004 4353 nostro
1025 4292 1231 4393 quoque
1245 4285 1441 4362 constat
1455 4303 1664 4402 corpore
1680 4290 1897 4391 certum,

401 4427 824 4567 Dispositumquc
848 4427 1068 4546 videtur,
1098 4430 1183 4531 nbi
1208 4473 1314 4534 esse
1340 4460 1391 4536 et
1416 4478 1637 4541 crescere
1661 4444 1822 4580 possit

399 4605 635 4704 Seorsum
646 4603 816 4699 anima
828 4605 1213 4738 atqueanimus;
1229 4630 1371 4711 tanto
1387 4615 1548 4750 magis
1567 4615 1899 4720 inficiandum

396 4776 582 4877 Totum
612 4813 757 4913 posse
782 4798 930 4876 extra
953 4815 1137 4915 corpus
1162 4776 1478 4924 formamque
1505 4791 1774 4895 animalem

400 4951 643 5053 Putribns
670 4952 720 5050 in
748 4950 912 5087 glebis
937 4976 1203 5072 terrarum,
1230 4981 1319 5059 aut
1345 4958 1461 5058 solis
1486 4961 1538 5061 in
1566 4963 1691 5100 igni,

397 5131 508 5228 Aut
531 5129 584 5224 in
611 5166 745 5265 aqua
770 5127 972 5248 durare,
997 5152 1088 5229 aut
1111 5129 1224 5228 altis
1249 5131 1451 5235 aetheris
1477 5136 1591 5237 oris.
