4598 6112
755 502 1028 642 trouu
1087 521 1534 618 oururns‘
1791 519 1906 627 aar

465 784 535 883 At
562 787 723 886 varios
745 788 939 926 liuguae
966 786 1158 886 sonitus
1185 807 1364 884 natura
1390 782 1592 921 subegit

397 955 624 1078 Mittere,
647 983 698 1059 et
722 963 913 1063 utilitas
938 960 1192 1098 expressit
1216 960 1422 1058 nomina
1445 995 1644 1091 rerum:

326 1238 333 1244 ,
399 1128 450 1230 N
455 1170 521 1239 on
547 1135 644 1233 alia
669 1135 821 1272 longe
846 1136 1057 1255 ratione,
1084 1155 1240 1277 atque
1266 1133 1377 1268 ipsa
1401 1132 1603 1232 videtur

396 1302 699 1407 Protrabere
726 1308 786 1428 ad
816 1331 1014 1445 gestum
1041 1344 1226 1445 pueros
1252 1305 1466 1405 infantia
1490 1306 1698 1445 linguae,

398 1476 569 1597 Quom
595 1479 730 1601 facit,
759 1505 818 1582 ut
842 1483 1020 1619 digito,
1042 1518 1160 1620 quae
1174 1483 1276 1582 sint
1290 1481 1574 1618 praesentia,
1594 1504 1889 1587 monstrent.

398 1657 566 1757 Sentit
589 1664 724 1762 enim
749 1661 850 1783 vim
879 1660 1099 1799 quisque
1124 1696 1282 1776 suam,
1311 1695 1466 1796 quam
1490 1657 1650 1795 possit
1672 1656 1834 1763 abuti.

399 1831 605 1936 Cornua
631 1860 749 1936 nata
772 1837 914 1974 prius
937 1836 1098 1937 vitulo
1124 1832 1278 1973 quam
1303 1829 1557 1933 frontibus
1581 1853 1797 1954 exstent,
1840 1809 1842 1814 ⁵
1870 1902 1876 1919 »

397 2004 505 2106 lllis
529 2009 686 2108 iratus
711 2010 857 2146 petit,
884 2032 1040 2146 atque
1066 2005 1292 2108 infensus
1319 2006 1560 2146 inurget..

395 2181 469 2283 At
492 2182 646 2281 catuli
672 2180 1031 2319 pantherarum
1059 2181 1361 2320 scymnique
1386 2181 1591 2282 leonum

397 2352 692 2494 Unguibus,
714 2395 770 2456 ac
789 2355 1009 2494 pedibus
1020 2356 1129 2494 jam
1148 2377 1274 2475 turn,
1295 2391 1569 2506 morsuque
1588 2378 1893 2494 repugnant,

397 2527 502 2629 Vix
528 2533 677 2629 etiam
705 2569 862 2669 quom
889 2553 1008 2632 sunt
1033 2529 1212 2631 dentes
1237 2568 1540 2670 unguesque
1563 2533 1736 2634 creati.

398 2692 631 2806 Alituum
657 2744 810 2844 porro
833 2707 1113 2844 genusalis
1138 2704 1541 2808 omne'videmus
1675 2747 1676 2752 ¹

317 2974 320 2980 .
401 2876 598 3000 Fidem,
625 2905 679 2981 et
702 2921 734 2981 a
756 2883 939 3020 pennis
963 2876 1248 2982 tremulum·
1264 2903 1438 3019 petere
1465 2881 1805 3017 auxiliatum..
1858 3006 1862 3017 Ι

470 3052 692 3155 Proinde
717 3079 898 3194 putare
924 3057 1284 3195 aliquem-tum
1308 3056 1515 3156 nomina
1539 3055 1854 3162 distribuisse
1954 3074 1972 3139 ἓ

401 3226 591 3347 Rebus,
619 3252 670 3329 et
695 3229 814 3331 inde
840 3229 1068 3332 homines
1094 3216 1327 3330 didicisse
1354 3195 1598 3331 vocabula
1621 3233 1802 3370 prima,

403 3404 651 3544 Desipere
677 3429 782 3508 est:
820 3444 939 3507 nam
964 3445 1057 3507 cur
1081 3403 1163 3505 bic
1187 3427 1357 3544 posset
1381 3429 1564 3508 cuncta
1580 3427 1757 3509 notare

399 3580 644 3702 Vocibus,
672 3606 725 3682 et
747 3583 910 3683 varios
936 3581 1129 3680 sonitus
1154 3579 1384 3682 emittere
1409 3580 1619 3719 linguae,

400 3753 653 3894 Tempore
679 3756 856 3856 eodem
881 3756 969 3881 alii
995 3756 1158 3856 facere
1184 3754 1239 3854 id
1264 3748 1366 3855 nou
1394 3756 1561 3892 qulsse
1579 3759 1861 3894 putentur?

474 3931 743 4052 Praeterea,
769 3933 811 4033 si
836 3970 939 4032 uon
964 3932 1049 4031 alii
1076 3926 1283 4069 quoque
1309 3927 1517 4034 vocibus
1540 3931 1619 4029 usi

404 4107 547 4210 Inter
572 4090 882 4231 se⁶fuerant3
920 4105 1058 4208 unde
1083 4107 1233 4210 insita
1258 4075 1461 4209 notities
1485 4131 1563 4208 est

403 4280 670 4401 Utilitatis,
698 4305 749 4382 et
773 4280 911 4381 unde
936 4279 1056 4381 data
1079 4305 1156 4382 est
1179 4281 1298 4384 hnic
1322 4280 1489 4422 prima
1512 4304 1751 4423 potestas,-
1845 4308 1849 4317 '

406 4455 550 4577 Quid
574 4458 741 4578 vellet,
767 4455 948 4577 facere,
974 4477 1036 4556 ut
1059 4455 1260 4578 scirent,
1287 4459 1559 4598 animoque
1583 4459 1847 4561 viderent!

406 4629 604 4770 Cogere
628 4633 750 4731 item
774 4631 966 4770 plureis
993 4666 1139 4754 unus,
1164 4634 1426 4773 victosque
1451 4622 1655 4738 domare

404 4805 458 4908 N
462 4846 529 4906 on
555 4828 769 4944 poterat,
796 4842 965 4907 rerum
992 4827 1054 4907 ut
1075 4806 1364 4945 perdiscere
1389 4810 1596 4911 nomina
1618 4808 1837 4911 vellent:

406 4980 520 5082 Nec
546 4981 738 5081 ratione
764 4979 946 5082 docere
971 4978 1092 5104 ulla,
1120 4978 1439 5120 suadereque
1455 4982 1647 5103 surdis,

407 5151 549 5273 Quid
574 5152 706 5255 facto
732 5176 862 5256 esset
878 5191 1033 5295 opus3
1052 5151 1224 5256 faciles
1241 5190 1412 5296 neque
1430 5155 1566 5283 eninm
1585 5140 1920 5297 paterentur,¹

1113 5332 1130 5383 Β
1141 5340 1163 5381 1!
1175 5334 1192 5385 2
