<?xml version="1.0" encoding="UTF-8"?>
<!DOCTYPE html PUBLIC "-//W3C//DTD XHTML 1.0 Transitional//EN"
    "http://www.w3.org/TR/xhtml1/DTD/xhtml1-transitional.dtd">
<html xmlns="http://www.w3.org/1999/xhtml" xml:lang="en" lang="en">
 <head>
  <title>
</title>
<meta http-equiv="Content-Type" content="text/html;charset=utf-8" />
  <meta name='ocr-system' content='tesseract 3.04.00' />
  <meta name='ocr-capabilities' content='ocr_page ocr_carea ocr_par ocr_line ocrx_word'/>
</head>
<body>
  <div class='ocr_page' id='page_1' title='image "./titilucretiicar05carugoog_0220.png"; bbox 0 0 4598 6112; ppageno 0'>
   <div class='ocr_carea' id='block_1_1' title="bbox 673 539 1892 681">
    <p class='ocr_par' dir='ltr' id='par_1_1' title="bbox 673 539 1892 681">
     <span class='ocr_line' id='line_1_1' title="bbox 673 539 1892 681; baseline 0.005 -51"><span class='ocrx_word' id='word_1_1' title='bbox 673 561 676 567; x_wconf 52' lang='grc'><strong>’</strong></span> <span class='ocrx_word' id='word_1_2' title='bbox 754 541 1029 631; x_wconf 76' lang='lat' dir='ltr'>traua</span> <span class='ocrx_word' id='word_1_3' title='bbox 1092 539 1506 638; x_wconf 75' lang='lat' dir='ltr'>orturus.</span> <span class='ocrx_word' id='word_1_4' title='bbox 1558 628 1571 681; x_wconf 60' lang='lat'><strong><em>‚</em></strong></span> <span class='ocrx_word' id='word_1_5' title='bbox 1795 543 1892 681; x_wconf 73' lang='lat'>211</span> 
     </span>
    </p>
   </div>
   <div class='ocr_carea' id='block_1_2' title="bbox 285 793 1929 5132">
    <p class='ocr_par' dir='ltr' id='par_1_2' title="bbox 397 793 1755 1117">
     <span class='ocr_line' id='line_1_2' title="bbox 397 793 1755 943; baseline 0.012 -50"><span class='ocrx_word' id='word_1_6' title='bbox 397 793 696 900; x_wconf 87' lang='lat' dir='ltr'>AEstiferum</span> <span class='ocrx_word' id='word_1_7' title='bbox 722 824 783 902; x_wconf 88' lang='lat' dir='ltr'>ut</span> <span class='ocrx_word' id='word_1_8' title='bbox 806 823 1005 901; x_wconf 88' lang='lat' dir='ltr'>tantum</span> <span class='ocrx_word' id='word_1_9' title='bbox 1032 800 1286 902; x_wconf 81' lang='lat' dir='ltr'>radiorum</span> <span class='ocrx_word' id='word_1_10' title='bbox 1308 830 1558 943; x_wconf 83' lang='lat' dir='ltr'>exaugeat</span> <span class='ocrx_word' id='word_1_11' title='bbox 1581 807 1755 909; x_wconf 88' lang='lat' dir='ltr'>ictum.</span> 
     </span>
     <span class='ocr_line' id='line_1_3' title="bbox 471 969 1670 1117; baseline 0.009 -48"><span class='ocrx_word' id='word_1_12' title='bbox 471 969 583 1074; x_wconf 89' lang='lat' dir='ltr'>Neo</span> <span class='ocrx_word' id='word_1_13' title='bbox 609 977 735 1075; x_wconf 91' lang='lat' dir='ltr'>ratio</span> <span class='ocrx_word' id='word_1_14' title='bbox 761 977 877 1076; x_wconf 86' lang='lat' dir='ltr'>solis</span> <span class='ocrx_word' id='word_1_15' title='bbox 903 975 1136 1111; x_wconf 70' lang='lat' dir='ltr'>simplas,</span> <span class='ocrx_word' id='word_1_16' title='bbox 1164 1015 1257 1076; x_wconf 85' lang='lat' dir='ltr'>neo</span> <span class='ocrx_word' id='word_1_17' title='bbox 1282 1000 1418 1078; x_wconf 86' lang='lat' dir='ltr'>certa</span> <span class='ocrx_word' id='word_1_18' title='bbox 1443 982 1670 1117; x_wconf 72' lang='lat' dir='ltr'><strong>patescit,</strong></span> 
     </span>
    </p>

    <p class='ocr_par' dir='ltr' id='par_1_3' title="bbox 400 1142 1558 1289">
     <span class='ocr_line' id='line_1_4' title="bbox 400 1142 1558 1289; baseline 0.01 -46"><span class='ocrx_word' id='word_1_19' title='bbox 400 1142 519 1264; x_wconf 84' lang='lat' dir='ltr'>Quo</span> <span class='ocrx_word' id='word_1_20' title='bbox 549 1163 693 1284; x_wconf 83' lang='lat' dir='ltr'>pa&#39;oto</span> <span class='ocrx_word' id='word_1_21' title='bbox 720 1149 902 1250; x_wconf 90' lang='lat' dir='ltr'>aestivis</span> <span class='ocrx_word' id='word_1_22' title='bbox 928 1188 955 1248; x_wconf 90' lang='lat' dir='ltr'>e</span> <span class='ocrx_word' id='word_1_23' title='bbox 981 1147 1212 1286; x_wconf 90' lang='lat' dir='ltr'>partibus</span> <span class='ocrx_word' id='word_1_24' title='bbox 1239 1150 1558 1289; x_wconf 81' lang='lat' dir='ltr'>AEgocerotis</span> 
     </span>
    </p>

    <p class='ocr_par' dir='ltr' id='par_1_4' title="bbox 400 1317 1673 1460">
     <span class='ocr_line' id='line_1_5' title="bbox 400 1317 1673 1460; baseline 0.009 -42"><span class='ocrx_word' id='word_1_25' title='bbox 400 1317 684 1424; x_wconf 88' lang='lat' dir='ltr'>Brumaleis</span> <span class='ocrx_word' id='word_1_26' title='bbox 710 1325 857 1457; x_wconf 89' lang='lat' dir='ltr'>adeat</span> <span class='ocrx_word' id='word_1_27' title='bbox 883 1327 1063 1443; x_wconf 66' lang='lat' dir='ltr'>flexus</span> <span class='ocrx_word' id='word_1_28' title='bbox 1091 1345 1247 1460; x_wconf 85' lang='lat' dir='ltr'>atque</span> <span class='ocrx_word' id='word_1_29' title='bbox 1275 1327 1392 1424; x_wconf 90' lang='lat' dir='ltr'>inde</span> <span class='ocrx_word' id='word_1_30' title='bbox 1418 1352 1673 1429; x_wconf 79' lang='lat' dir='ltr'>revertens</span> 
     </span>
    </p>

    <p class='ocr_par' dir='ltr' id='par_1_5' title="bbox 400 1491 1533 1604">
     <span class='ocr_line' id='line_1_6' title="bbox 400 1491 1533 1604; baseline 0.009 -10"><span class='ocrx_word' id='word_1_31' title='bbox 400 1491 635 1598; x_wconf 86' lang='lat' dir='ltr'>Canoeris</span> <span class='ocrx_word' id='word_1_32' title='bbox 660 1522 720 1600; x_wconf 91' lang='lat' dir='ltr'>ut</span> <span class='ocrx_word' id='word_1_33' title='bbox 744 1522 906 1601; x_wconf 86' lang='lat' dir='ltr'>vertat</span> <span class='ocrx_word' id='word_1_34' title='bbox 929 1520 1086 1599; x_wconf 88' lang='lat' dir='ltr'>metas</span> <span class='ocrx_word' id='word_1_35' title='bbox 1112 1498 1172 1599; x_wconf 87' lang='lat' dir='ltr'>ad</span> <span class='ocrx_word' id='word_1_36' title='bbox 1202 1493 1533 1604; x_wconf 56' lang='lat' dir='ltr'>solsti&#39;tialeis:</span> 
     </span>
    </p>

    <p class='ocr_par' dir='ltr' id='par_1_6' title="bbox 401 1667 1703 1811">
     <span class='ocr_line' id='line_1_7' title="bbox 401 1667 1703 1811; baseline 0.006 -42"><span class='ocrx_word' id='word_1_37' title='bbox 401 1667 652 1811; x_wconf 85' lang='lat' dir='ltr'><strong>Lunaque</strong></span> <span class='ocrx_word' id='word_1_38' title='bbox 679 1672 936 1785; x_wconf 82' lang='lat' dir='ltr'>mensibus</span> <span class='ocrx_word' id='word_1_39' title='bbox 962 1671 1016 1772; x_wconf 91' lang='lat' dir='ltr'>id</span> <span class='ocrx_word' id='word_1_40' title='bbox 1042 1674 1521 1809; x_wconf 74' lang='lat' dir='ltr'>spatiurn&#39;videatur</span> <span class='ocrx_word' id='word_1_41' title='bbox 1545 1677 1703 1798; x_wconf 89' lang='lat' dir='ltr'>obire,</span> 
     </span>
    </p>

    <p class='ocr_par' dir='ltr' id='par_1_7' title="bbox 398 1820 1634 1986">
     <span class='ocr_line' id='line_1_8' title="bbox 398 1820 1634 1986; baseline 0.005 -40"><span class='ocrx_word' id='word_1_42' title='bbox 398 1849 585 1948; x_wconf 85' lang='lat' dir='ltr'><strong>Annua</strong></span> <span class='ocrx_word' id='word_1_43' title='bbox 610 1848 683 1948; x_wconf 93' lang='lat' dir='ltr'>sol</span> <span class='ocrx_word' id='word_1_44' title='bbox 710 1849 759 1947; x_wconf 90' lang='lat' dir='ltr'>in</span> <span class='ocrx_word' id='word_1_45' title='bbox 790 1820 893 1984; x_wconf 84' lang='lat' dir='ltr'>quo</span> <span class='ocrx_word' id='word_1_46' title='bbox 919 1848 1171 1947; x_wconf 82' lang='lat' dir='ltr'><strong>consumit</strong></span> <span class='ocrx_word' id='word_1_47' title='bbox 1193 1870 1425 1986; x_wconf 86' lang='lat' dir='ltr'>tempora</span> <span class='ocrx_word' id='word_1_48' title='bbox 1450 1891 1634 1953; x_wconf 86' lang='lat' dir='ltr'>eursu:</span> 
     </span>
    </p>

    <p class='ocr_par' dir='ltr' id='par_1_8' title="bbox 400 2019 1836 2171">
     <span class='ocr_line' id='line_1_9' title="bbox 400 2019 1836 2171; baseline 0.003 -49"><span class='ocrx_word' id='word_1_49' title='bbox 400 2020 540 2141; x_wconf 90' lang='lat' dir='ltr'>Non,</span> <span class='ocrx_word' id='word_1_50' title='bbox 568 2024 795 2162; x_wconf 89' lang='lat' dir='ltr'><strong>inquam,</strong></span> <span class='ocrx_word' id='word_1_51' title='bbox 824 2020 1037 2158; x_wconf 83' lang='lat' dir='ltr'>simplex</span> <span class='ocrx_word' id='word_1_52' title='bbox 1066 2019 1142 2120; x_wconf 92' lang='lat' dir='ltr'>his</span> <span class='ocrx_word' id='word_1_53' title='bbox 1168 2021 1319 2123; x_wconf 90' lang='lat' dir='ltr'>rebus</span> <span class='ocrx_word' id='word_1_54' title='bbox 1346 2023 1544 2171; x_wconf 88' lang='lat' dir='ltr'>reddita</span> <span class='ocrx_word' id='word_1_55' title='bbox 1569 2047 1836 2127; x_wconf 85' lang='lat' dir='ltr'>causaest.</span> 
     </span>
    </p>

    <p class='ocr_par' dir='ltr' id='par_1_9' title="bbox 402 2194 1618 2334">
     <span class='ocr_line' id='line_1_10' title="bbox 402 2194 1618 2334; baseline 0.002 -37"><span class='ocrx_word' id='word_1_56' title='bbox 402 2194 538 2297; x_wconf 86' lang='lat' dir='ltr'>Nam</span> <span class='ocrx_word' id='word_1_57' title='bbox 565 2199 673 2297; x_wconf 88' lang='lat' dir='ltr'>fieri</span> <span class='ocrx_word' id='word_1_58' title='bbox 699 2197 780 2298; x_wconf 86' lang='lat' dir='ltr'>vel</span> <span class='ocrx_word' id='word_1_59' title='bbox 806 2233 922 2296; x_wconf 88' lang='lat' dir='ltr'>cum</span> <span class='ocrx_word' id='word_1_60' title='bbox 947 2195 1123 2331; x_wconf 88' lang='lat' dir='ltr'>primis</span> <span class='ocrx_word' id='word_1_61' title='bbox 1148 2194 1198 2294; x_wconf 90' lang='lat' dir='ltr'>id</span> <span class='ocrx_word' id='word_1_62' title='bbox 1228 2234 1372 2334; x_wconf 88' lang='lat' dir='ltr'>posse</span> <span class='ocrx_word' id='word_1_63' title='bbox 1399 2199 1618 2319; x_wconf 91' lang='lat' dir='ltr'>videtur,</span> 
     </span>
    </p>

    <p class='ocr_par' dir='ltr' id='par_1_10' title="bbox 401 2369 1638 2514">
     <span class='ocr_line' id='line_1_11' title="bbox 401 2369 1638 2514; baseline 0.002 -43"><span class='ocrx_word' id='word_1_64' title='bbox 401 2370 680 2472; x_wconf 77' lang='lat' dir='ltr'>Democriti</span> <span class='ocrx_word' id='word_1_65' title='bbox 710 2369 851 2510; x_wconf 90' lang='lat' dir='ltr'>quod</span> <span class='ocrx_word' id='word_1_66' title='bbox 877 2392 1048 2469; x_wconf 84' lang='lat' dir='ltr'>sancta</span> <span class='ocrx_word' id='word_1_67' title='bbox 1072 2369 1164 2470; x_wconf 90' lang='lat' dir='ltr'>viri</span> <span class='ocrx_word' id='word_1_68' title='bbox 1190 2377 1439 2476; x_wconf 86' lang='lat' dir='ltr'>sententia</span> <span class='ocrx_word' id='word_1_69' title='bbox 1462 2376 1609 2514; x_wconf 89' lang='lat' dir='ltr'>ponit</span> <span class='ocrx_word' id='word_1_70' title='bbox 1624 2415 1638 2499; x_wconf 83' lang='lat'>3</span> 
     </span>
    </p>

    <p class='ocr_par' dir='ltr' id='par_1_11' title="bbox 399 2544 1878 2711">
     <span class='ocr_line' id='line_1_12' title="bbox 399 2544 1878 2711; baseline 0.005 -67"><span class='ocrx_word' id='word_1_71' title='bbox 399 2545 608 2666; x_wconf 78' lang='lat' dir='ltr'>Quanto</span> <span class='ocrx_word' id='word_1_72' title='bbox 635 2584 856 2684; x_wconf 86' lang='lat' dir='ltr'><strong>quaeque</strong></span> <span class='ocrx_word' id='word_1_73' title='bbox 883 2544 1041 2683; x_wconf 86' lang='lat' dir='ltr'>magis</span> <span class='ocrx_word' id='word_1_74' title='bbox 1068 2545 1168 2645; x_wconf 89' lang='lat' dir='ltr'>sint</span> <span class='ocrx_word' id='word_1_75' title='bbox 1191 2569 1377 2649; x_wconf 89' lang='lat' dir='ltr'>terram</span> <span class='ocrx_word' id='word_1_76' title='bbox 1404 2548 1570 2649; x_wconf 87' lang='lat' dir='ltr'>sidera</span> <span class='ocrx_word' id='word_1_77' title='bbox 1594 2573 1819 2711; x_wconf 68' lang='lat' dir='ltr'>proptes‚</span> <span class='ocrx_word' id='word_1_78' title='bbox 1867 2554 1878 2579; x_wconf 80' lang='lat'><strong>¹</strong></span> 
     </span>
    </p>

    <p class='ocr_par' dir='ltr' id='par_1_12' title="bbox 398 2717 1600 2857">
     <span class='ocr_line' id='line_1_13' title="bbox 398 2717 1600 2857; baseline 0.005 -38"><span class='ocrx_word' id='word_1_79' title='bbox 398 2717 565 2820; x_wconf 88' lang='lat' dir='ltr'>Tanto</span> <span class='ocrx_word' id='word_1_80' title='bbox 590 2758 735 2857; x_wconf 81' lang='lat' dir='ltr'>posse</span> <span class='ocrx_word' id='word_1_81' title='bbox 762 2719 928 2817; x_wconf 85' lang='lat' dir='ltr'>minus</span> <span class='ocrx_word' id='word_1_82' title='bbox 953 2753 1071 2816; x_wconf 88' lang='lat' dir='ltr'>oum</span> <span class='ocrx_word' id='word_1_83' title='bbox 1098 2721 1209 2821; x_wconf 85' lang='lat' dir='ltr'>coeli</span> <span class='ocrx_word' id='word_1_84' title='bbox 1227 2721 1438 2823; x_wconf 86' lang='lat' dir='ltr'>turbine</span> <span class='ocrx_word' id='word_1_85' title='bbox 1464 2722 1600 2825; x_wconf 83' lang='lat' dir='ltr'>ferri.</span> 
     </span>
    </p>

    <p class='ocr_par' dir='ltr' id='par_1_13' title="bbox 409 2894 1543 3040">
     <span class='ocr_line' id='line_1_14' title="bbox 409 2894 1543 3040; baseline 0.003 -43"><span class='ocrx_word' id='word_1_86' title='bbox 409 2895 715 2998; x_wconf 82' lang='lat' dir='ltr'>Evanescere</span> <span class='ocrx_word' id='word_1_87' title='bbox 741 2897 875 2995; x_wconf 86' lang='lat' dir='ltr'>enim</span> <span class='ocrx_word' id='word_1_88' title='bbox 902 2894 1104 3031; x_wconf 91' lang='lat' dir='ltr'>rapidas</span> <span class='ocrx_word' id='word_1_89' title='bbox 1130 2894 1281 3015; x_wconf 86' lang='lat' dir='ltr'>illius,</span> <span class='ocrx_word' id='word_1_90' title='bbox 1307 2921 1363 3040; x_wconf 86' lang='lat' dir='ltr'>et</span> <span class='ocrx_word' id='word_1_91' title='bbox 1387 2899 1543 3000; x_wconf 85' lang='lat' dir='ltr'>aereis</span> 
     </span>
    </p>

    <p class='ocr_par' dir='ltr' id='par_1_14' title="bbox 403 3070 1528 3210">
     <span class='ocr_line' id='line_1_15' title="bbox 403 3070 1528 3210; baseline 0 -38"><span class='ocrx_word' id='word_1_92' title='bbox 403 3070 642 3187; x_wconf 81' lang='lat' dir='ltr'>imminui</span> <span class='ocrx_word' id='word_1_93' title='bbox 665 3071 847 3172; x_wconf 87' lang='lat' dir='ltr'>subter</span> <span class='ocrx_word' id='word_1_94' title='bbox 871 3071 1035 3191; x_wconf 83' lang='lat' dir='ltr'>vireis,</span> <span class='ocrx_word' id='word_1_95' title='bbox 1061 3070 1281 3209; x_wconf 87' lang='lat' dir='ltr'>ideoque</span> <span class='ocrx_word' id='word_1_96' title='bbox 1307 3072 1528 3210; x_wconf 68' lang='lat' dir='ltr'>relinqui</span> 
     </span>
    </p>

    <p class='ocr_par' dir='ltr' id='par_1_15' title="bbox 403 3224 1694 3384">
     <span class='ocr_line' id='line_1_16' title="bbox 403 3224 1694 3384; baseline 0.001 -39"><span class='ocrx_word' id='word_1_97' title='bbox 403 3245 671 3346; x_wconf 78' lang='lat' dir='ltr'><strong>Paullatim</strong></span> <span class='ocrx_word' id='word_1_98' title='bbox 700 3246 854 3345; x_wconf 89' lang='lat' dir='ltr'>solem</span> <span class='ocrx_word' id='word_1_99' title='bbox 880 3282 997 3346; x_wconf 87' lang='lat' dir='ltr'>cum</span> <span class='ocrx_word' id='word_1_100' title='bbox 1022 3224 1390 3382; x_wconf 88' lang='lat' dir='ltr'>posterioribus</span> <span class='ocrx_word' id='word_1_101' title='bbox 1409 3238 1582 3384; x_wconf 70' lang='lat' dir='ltr'>signis,</span> <span class='ocrx_word' id='word_1_102' title='bbox 1691 3351 1694 3356; x_wconf 82' lang='lat'><em>.</em></span> 
     </span>
    </p>

    <p class='ocr_par' dir='ltr' id='par_1_16' title="bbox 403 3418 1678 3559">
     <span class='ocr_line' id='line_1_17' title="bbox 403 3418 1678 3559; baseline 0.002 -39"><span class='ocrx_word' id='word_1_103' title='bbox 403 3419 619 3522; x_wconf 84' lang='lat' dir='ltr'>Inferior</span> <span class='ocrx_word' id='word_1_104' title='bbox 644 3421 804 3520; x_wconf 88' lang='lat' dir='ltr'>multo</span> <span class='ocrx_word' id='word_1_105' title='bbox 831 3419 969 3559; x_wconf 91' lang='lat' dir='ltr'>quod</span> <span class='ocrx_word' id='word_1_106' title='bbox 998 3419 1063 3519; x_wconf 88' lang='lat' dir='ltr'>sit</span> <span class='ocrx_word' id='word_1_107' title='bbox 1088 3457 1242 3558; x_wconf 87' lang='lat' dir='ltr'><strong>quam</strong></span> <span class='ocrx_word' id='word_1_108' title='bbox 1269 3418 1463 3520; x_wconf 84' lang='lat' dir='ltr'>fervida</span> <span class='ocrx_word' id='word_1_109' title='bbox 1489 3422 1632 3559; x_wconf 87' lang='lat' dir='ltr'>signa</span> <span class='ocrx_word' id='word_1_110' title='bbox 1649 3433 1678 3521; x_wconf 73' lang='grc' dir='ltr'>τ’</span> 
     </span>
    </p>

    <p class='ocr_par' dir='ltr' id='par_1_17' title="bbox 300 3574 1740 3737">
     <span class='ocr_line' id='line_1_18' title="bbox 300 3574 1740 3737; baseline -0.003 -38"><span class='ocrx_word' id='word_1_111' title='bbox 300 3630 307 3641; x_wconf 92' lang='grc'><em>·</em></span> <span class='ocrx_word' id='word_1_112' title='bbox 403 3574 473 3699; x_wconf 87' lang='lat' dir='ltr'>Et</span> <span class='ocrx_word' id='word_1_113' title='bbox 487 3598 657 3737; x_wconf 36' lang='lat' dir='ltr'>&#39;magis</span> <span class='ocrx_word' id='word_1_114' title='bbox 683 3595 777 3695; x_wconf 87' lang='lat' dir='ltr'>hoo</span> <span class='ocrx_word' id='word_1_115' title='bbox 803 3596 1008 3718; x_wconf 81' lang='lat' dir='ltr'><strong>lunam3</strong></span> <span class='ocrx_word' id='word_1_116' title='bbox 1046 3618 1096 3694; x_wconf 89' lang='lat' dir='ltr'>et</span> <span class='ocrx_word' id='word_1_117' title='bbox 1123 3591 1317 3733; x_wconf 88' lang='lat' dir='ltr'>quanto</span> <span class='ocrx_word' id='word_1_118' title='bbox 1345 3593 1607 3695; x_wconf 86' lang='lat' dir='ltr'>demissior</span> <span class='ocrx_word' id='word_1_119' title='bbox 1632 3596 1740 3732; x_wconf 81' lang='lat' dir='ltr'>ejus</span> 
     </span>
    </p>

    <p class='ocr_par' dir='ltr' id='par_1_18' title="bbox 404 3769 1824 3909">
     <span class='ocr_line' id='line_1_19' title="bbox 404 3769 1824 3909; baseline -0.001 -36"><span class='ocrx_word' id='word_1_120' title='bbox 404 3770 595 3873; x_wconf 84' lang='lat' dir='ltr'>Cursus</span> <span class='ocrx_word' id='word_1_121' title='bbox 621 3771 764 3872; x_wconf 86' lang='lat' dir='ltr'>abest</span> <span class='ocrx_word' id='word_1_122' title='bbox 790 3772 963 3908; x_wconf 88' lang='lat' dir='ltr'>procul</span> <span class='ocrx_word' id='word_1_123' title='bbox 992 3809 1022 3870; x_wconf 93' lang='lat' dir='ltr'><strong>a</strong></span> <span class='ocrx_word' id='word_1_124' title='bbox 1047 3771 1188 3891; x_wconf 87' lang='lat' dir='ltr'>coelo,</span> <span class='ocrx_word' id='word_1_125' title='bbox 1216 3769 1466 3905; x_wconf 85' lang='lat' dir='ltr'>terrisque</span> <span class='ocrx_word' id='word_1_126' title='bbox 1493 3770 1824 3909; x_wconf 71' lang='lat' dir='ltr'><strong>propinquat,</strong></span> 
     </span>
    </p>

    <p class='ocr_par' dir='ltr' id='par_1_19' title="bbox 400 3926 1732 4081">
     <span class='ocr_line' id='line_1_20' title="bbox 400 3926 1732 4081; baseline 0.002 -38"><span class='ocrx_word' id='word_1_127' title='bbox 400 3926 566 4056; x_wconf 78' lang='lat' dir='ltr'>Tarito</span> <span class='ocrx_word' id='word_1_128' title='bbox 592 3983 736 4081; x_wconf 87' lang='lat' dir='ltr'>posse</span> <span class='ocrx_word' id='word_1_129' title='bbox 764 3947 932 4046; x_wconf 86' lang='lat' dir='ltr'>minus</span> <span class='ocrx_word' id='word_1_130' title='bbox 955 3983 1071 4045; x_wconf 89' lang='lat' dir='ltr'>oum</span> <span class='ocrx_word' id='word_1_131' title='bbox 1098 3942 1253 4080; x_wconf 86' lang='lat' dir='ltr'>signis</span> <span class='ocrx_word' id='word_1_132' title='bbox 1277 3942 1487 4042; x_wconf 87' lang='lat' dir='ltr'>tendere</span> <span class='ocrx_word' id='word_1_133' title='bbox 1513 3978 1732 4046; x_wconf 85' lang='lat' dir='ltr'>cursum.</span> 
     </span>
    </p>

    <p class='ocr_par' dir='ltr' id='par_1_20' title="bbox 403 4116 1648 4259">
     <span class='ocr_line' id='line_1_21' title="bbox 403 4116 1648 4259; baseline 0.001 -42"><span class='ocrx_word' id='word_1_134' title='bbox 403 4116 711 4219; x_wconf 88' lang='lat' dir='ltr'>Flaceidiore</span> <span class='ocrx_word' id='word_1_135' title='bbox 737 4119 888 4218; x_wconf 88' lang='lat' dir='ltr'>etiam</span> <span class='ocrx_word' id='word_1_136' title='bbox 914 4140 1107 4259; x_wconf 84' lang='lat' dir='ltr'>quanto</span> <span class='ocrx_word' id='word_1_137' title='bbox 1123 4116 1461 4257; x_wconf 66' lang='lat' dir='ltr'>jamturbine</span> <span class='ocrx_word' id='word_1_138' title='bbox 1487 4118 1648 4239; x_wconf 88' lang='lat' dir='ltr'>fertur</span> 
     </span>
    </p>

    <p class='ocr_par' dir='ltr' id='par_1_21' title="bbox 285 4291 1633 4430">
     <span class='ocr_line' id='line_1_22' title="bbox 285 4291 1633 4430; baseline 0.001 -39"><span class='ocrx_word' id='word_1_139' title='bbox 285 4386 287 4391; x_wconf 82' lang='lat'><em>.</em></span> <span class='ocrx_word' id='word_1_140' title='bbox 403 4291 620 4393; x_wconf 88' lang='lat' dir='ltr'>Inferior</span> <span class='ocrx_word' id='word_1_141' title='bbox 644 4330 796 4429; x_wconf 88' lang='lat' dir='ltr'><strong>quam</strong></span> <span class='ocrx_word' id='word_1_142' title='bbox 823 4293 913 4411; x_wconf 90' lang='lat' dir='ltr'>sol,</span> <span class='ocrx_word' id='word_1_143' title='bbox 939 4315 1081 4392; x_wconf 89' lang='lat' dir='ltr'>tanto</span> <span class='ocrx_word' id='word_1_144' title='bbox 1109 4291 1267 4429; x_wconf 85' lang='lat' dir='ltr'>magis</span> <span class='ocrx_word' id='word_1_145' title='bbox 1293 4292 1464 4391; x_wconf 89' lang='lat' dir='ltr'>omnia</span> <span class='ocrx_word' id='word_1_146' title='bbox 1490 4292 1633 4430; x_wconf 89' lang='lat' dir='ltr'>signa</span> 
     </span>
    </p>

    <p class='ocr_par' dir='ltr' id='par_1_22' title="bbox 404 4465 1787 4604">
     <span class='ocr_line' id='line_1_23' title="bbox 404 4465 1787 4604; baseline 0.004 -38"><span class='ocrx_word' id='word_1_147' title='bbox 404 4465 454 4566; x_wconf 92' lang='lat' dir='ltr'>H</span> <span class='ocrx_word' id='word_1_148' title='bbox 460 4505 552 4566; x_wconf 88' lang='lat' dir='ltr'>ano</span> <span class='ocrx_word' id='word_1_149' title='bbox 579 4465 946 4604; x_wconf 83' lang='lat' dir='ltr'>adipiscuntur,</span> <span class='ocrx_word' id='word_1_150' title='bbox 974 4469 1180 4584; x_wconf 84' lang='lat' dir='ltr'>circum,</span> <span class='ocrx_word' id='word_1_151' title='bbox 1208 4490 1498 4604; x_wconf 79' lang='lat' dir='ltr'>praeterque</span> <span class='ocrx_word' id='word_1_152' title='bbox 1526 4467 1787 4573; x_wconf 85' lang='lat' dir='ltr'>feruntur:</span> 
     </span>
    </p>

    <p class='ocr_par' dir='ltr' id='par_1_23' title="bbox 309 4622 1929 4781">
     <span class='ocr_line' id='line_1_24' title="bbox 309 4622 1929 4781; baseline 0.002 -40"><span class='ocrx_word' id='word_1_153' title='bbox 309 4697 311 4702; x_wconf 95' lang='lat'><em>·</em></span> <span class='ocrx_word' id='word_1_154' title='bbox 401 4640 677 4780; x_wconf 85' lang='lat' dir='ltr'>Propterea</span> <span class='ocrx_word' id='word_1_155' title='bbox 703 4643 776 4762; x_wconf 89' lang='lat' dir='ltr'>fit,</span> <span class='ocrx_word' id='word_1_156' title='bbox 805 4666 864 4742; x_wconf 89' lang='lat' dir='ltr'>ut</span> <span class='ocrx_word' id='word_1_157' title='bbox 889 4642 996 4744; x_wconf 84' lang='lat' dir='ltr'>haec</span> <span class='ocrx_word' id='word_1_158' title='bbox 1023 4642 1088 4742; x_wconf 90' lang='lat' dir='ltr'>ad</span> <span class='ocrx_word' id='word_1_159' title='bbox 1115 4643 1317 4781; x_wconf 82' lang='lat' dir='ltr'>signum</span> <span class='ocrx_word' id='word_1_160' title='bbox 1343 4622 1588 4780; x_wconf 75' lang='lat' dir='ltr'>quodque</span> <span class='ocrx_word' id='word_1_161' title='bbox 1615 4647 1797 4744; x_wconf 84' lang='lat' dir='ltr'>reverti</span> <span class='ocrx_word' id='word_1_162' title='bbox 1846 4738 1857 4763; x_wconf 82' lang='grc'>,</span> <span class='ocrx_word' id='word_1_163' title='bbox 1916 4678 1929 4697; x_wconf 92' lang='grc'>··</span> 
     </span>
    </p>

    <p class='ocr_par' dir='ltr' id='par_1_24' title="bbox 402 4815 1754 4954">
     <span class='ocr_line' id='line_1_25' title="bbox 402 4815 1754 4954; baseline 0.001 -38"><span class='ocrx_word' id='word_1_164' title='bbox 402 4815 652 4916; x_wconf 87' lang='lat' dir='ltr'>Mobilius</span> <span class='ocrx_word' id='word_1_165' title='bbox 676 4815 923 4934; x_wconf 85' lang='lat' dir='ltr'>videatur,</span> <span class='ocrx_word' id='word_1_166' title='bbox 950 4818 1012 4916; x_wconf 84' lang='lat' dir='ltr'>ad</span> <span class='ocrx_word' id='word_1_167' title='bbox 1042 4815 1170 4916; x_wconf 87' lang='lat' dir='ltr'>hano</span> <span class='ocrx_word' id='word_1_168' title='bbox 1197 4817 1320 4954; x_wconf 87' lang='lat' dir='ltr'>quia</span> <span class='ocrx_word' id='word_1_169' title='bbox 1344 4815 1489 4952; x_wconf 86' lang='lat' dir='ltr'>signa</span> <span class='ocrx_word' id='word_1_170' title='bbox 1513 4817 1754 4920; x_wconf 87' lang='lat' dir='ltr'>revisunt.</span> 
     </span>
    </p>

    <p class='ocr_par' dir='ltr' id='par_1_25' title="bbox 413 4990 1813 5132">
     <span class='ocr_line' id='line_1_26' title="bbox 413 4990 1813 5132; baseline 0.002 -38"><span class='ocrx_word' id='word_1_171' title='bbox 413 5111 417 5117; x_wconf 34' lang='grc'><em>,</em></span> <span class='ocrx_word' id='word_1_172' title='bbox 472 4995 554 5094; x_wconf 89' lang='lat' dir='ltr'>Fit</span> <span class='ocrx_word' id='word_1_173' title='bbox 579 5031 787 5132; x_wconf 90' lang='lat' dir='ltr'>quoque</span> <span class='ocrx_word' id='word_1_174' title='bbox 812 5015 872 5093; x_wconf 88' lang='lat' dir='ltr'>ut</span> <span class='ocrx_word' id='word_1_175' title='bbox 896 5032 923 5093; x_wconf 91' lang='lat' dir='ltr'>e</span> <span class='ocrx_word' id='word_1_176' title='bbox 950 4995 1129 5095; x_wconf 89' lang='lat' dir='ltr'><strong>mundi</strong></span> <span class='ocrx_word' id='word_1_177' title='bbox 1153 4990 1445 5091; x_wconf 88' lang='lat' dir='ltr'>transversis</span> <span class='ocrx_word' id='word_1_178' title='bbox 1470 4991 1701 5127; x_wconf 89' lang='lat' dir='ltr'>partibus</span> <span class='ocrx_word' id='word_1_179' title='bbox 1726 4998 1813 5097; x_wconf 71' lang='lat' dir='ltr'>aiir</span> 
     </span>
    </p>
   </div>
   <div class='ocr_carea' id='block_1_3' title="bbox 401 5166 1576 5397">
    <p class='ocr_par' dir='ltr' id='par_1_26' title="bbox 401 5166 1576 5397">
     <span class='ocr_line' id='line_1_27' title="bbox 401 5166 1576 5303; baseline -0.006 -32"><span class='ocrx_word' id='word_1_180' title='bbox 401 5170 625 5272; x_wconf 87' lang='lat' dir='ltr'>Alternis</span> <span class='ocrx_word' id='word_1_181' title='bbox 651 5191 788 5269; x_wconf 86' lang='lat' dir='ltr'>certo</span> <span class='ocrx_word' id='word_1_182' title='bbox 813 5169 974 5272; x_wconf 86' lang='lat' dir='ltr'>fluere</span> <span class='ocrx_word' id='word_1_183' title='bbox 999 5170 1127 5270; x_wconf 88' lang='lat' dir='ltr'>alter</span> <span class='ocrx_word' id='word_1_184' title='bbox 1150 5189 1378 5303; x_wconf 86' lang='lat' dir='ltr'>tempore</span> <span class='ocrx_word' id='word_1_185' title='bbox 1403 5166 1576 5302; x_wconf 88' lang='lat' dir='ltr'>possit,</span> 
     </span>
     <span class='ocr_line' id='line_1_28' title="bbox 1111 5348 1186 5397; baseline -0.013 0"><span class='ocrx_word' id='word_1_186' title='bbox 1111 5349 1128 5397; x_wconf 69' lang='grc'><strong><em>9</em></strong></span> <span class='ocrx_word' id='word_1_187' title='bbox 1140 5354 1157 5394; x_wconf 73' lang='lat' dir='ltr'>F.</span> <span class='ocrx_word' id='word_1_188' title='bbox 1169 5348 1186 5396; x_wconf 68' lang='grc'><strong><em>9</em></strong></span> 
     </span>
    </p>
   </div>
   <div class='ocr_carea' id='block_1_4' title="bbox 0 0 2306 6112">
    <p class='ocr_par' dir='ltr' id='par_1_27' title="bbox 0 0 2306 6112">
     <span class='ocr_line' id='line_1_29' title="bbox 0 0 2306 6112; baseline 0 0"><span class='ocrx_word' id='word_1_189' title='bbox 0 0 2306 6112; x_wconf 95' lang='lat' dir='ltr'> </span> 
     </span>
    </p>
   </div>
  </div>
 </body>
</html>
