<?xml version="1.0" encoding="UTF-8"?>
<!DOCTYPE html PUBLIC "-//W3C//DTD XHTML 1.0 Transitional//EN"
    "http://www.w3.org/TR/xhtml1/DTD/xhtml1-transitional.dtd">
<html xmlns="http://www.w3.org/1999/xhtml" xml:lang="en" lang="en">
 <head>
  <title>
</title>
<meta http-equiv="Content-Type" content="text/html;charset=utf-8" />
  <meta name='ocr-system' content='tesseract 3.04.00' />
  <meta name='ocr-capabilities' content='ocr_page ocr_carea ocr_par ocr_line ocrx_word'/>
</head>
<body>
  <div class='ocr_page' id='page_1' title='image "./titilucretiicar05carugoog_0142.png"; bbox 0 0 4598 6112; ppageno 0'>
   <div class='ocr_carea' id='block_1_1' title="bbox 773 426 1880 588">
    <p class='ocr_par' dir='ltr' id='par_1_1' title="bbox 773 426 1880 588">
     <span class='ocr_line' id='line_1_1' title="bbox 773 426 1880 588; baseline 0.003 -3"><span class='ocrx_word' id='word_1_1' title='bbox 773 494 1048 585; x_wconf 74' lang='lat' dir='ltr'><strong>mnan</strong></span> <span class='ocrx_word' id='word_1_2' title='bbox 1110 426 1515 587; x_wconf 74' lang='lat' dir='ltr'><strong>r&#39;nnrrus.</strong></span> <span class='ocrx_word' id='word_1_3' title='bbox 1784 476 1880 588; x_wconf 80' lang='lat'><strong>133</strong></span> 
     </span>
    </p>
   </div>
   <div class='ocr_carea' id='block_1_2' title="bbox 381 747 1893 1940">
    <p class='ocr_par' dir='ltr' id='par_1_2' title="bbox 388 747 1551 856">
     <span class='ocr_line' id='line_1_2' title="bbox 388 747 1551 856; baseline -0.005 0"><span class='ocrx_word' id='word_1_4' title='bbox 388 753 502 856; x_wconf 90' lang='lat' dir='ltr'><strong>Hoc</strong></span> <span class='ocrx_word' id='word_1_5' title='bbox 528 775 603 855; x_wconf 88' lang='lat' dir='ltr'><strong>est</strong></span> <span class='ocrx_word' id='word_1_6' title='bbox 629 753 837 855; x_wconf 85' lang='lat' dir='ltr'><strong>adverso</strong></span> <span class='ocrx_word' id='word_1_7' title='bbox 862 749 1121 852; x_wconf 65' lang='lat' dir='ltr'><strong>nixantem</strong></span> <span class='ocrx_word' id='word_1_8' title='bbox 1146 751 1353 851; x_wconf 87' lang='lat' dir='ltr'><strong>trudere</strong></span> <span class='ocrx_word' id='word_1_9' title='bbox 1380 747 1551 852; x_wconf 88' lang='lat' dir='ltr'><strong>monte</strong></span> 
     </span>
    </p>

    <p class='ocr_par' dir='ltr' id='par_1_3' title="bbox 389 921 1893 1067">
     <span class='ocr_line' id='line_1_3' title="bbox 389 921 1893 1067; baseline 0.003 -38"><span class='ocrx_word' id='word_1_10' title='bbox 389 928 598 1048; x_wconf 84' lang='lat' dir='ltr'><strong>Saxum,</strong></span> <span class='ocrx_word' id='word_1_11' title='bbox 625 928 760 1067; x_wconf 90' lang='lat' dir='ltr'><strong>quod</strong></span> <span class='ocrx_word' id='word_1_12' title='bbox 788 951 958 1029; x_wconf 88' lang='lat' dir='ltr'><strong>tamen</strong></span> <span class='ocrx_word' id='word_1_13' title='bbox 986 966 1015 1027; x_wconf 88' lang='lat' dir='ltr'><strong>a</strong></span> <span class='ocrx_word' id='word_1_14' title='bbox 1040 966 1234 1028; x_wconf 91' lang='lat' dir='ltr'><strong>summo</strong></span> <span class='ocrx_word' id='word_1_15' title='bbox 1251 927 1359 1064; x_wconf 86' lang='lat' dir='ltr'><strong>jam</strong></span> <span class='ocrx_word' id='word_1_16' title='bbox 1385 921 1570 1028; x_wconf 88' lang='lat' dir='ltr'><strong>vertice</strong></span> <span class='ocrx_word' id='word_1_17' title='bbox 1595 964 1797 1033; x_wconf 87' lang='lat' dir='ltr'><strong>rursum</strong></span> <span class='ocrx_word' id='word_1_18' title='bbox 1832 926 1835 932; x_wconf 59' lang='grc'><strong>’</strong></span> <span class='ocrx_word' id='word_1_19' title='bbox 1890 952 1893 956; x_wconf 67' lang='lat'>‘</span> 
     </span>
    </p>

    <p class='ocr_par' dir='ltr' id='par_1_4' title="bbox 386 1101 1849 1418">
     <span class='ocr_line' id='line_1_4' title="bbox 386 1101 1687 1241; baseline -0.002 -36"><span class='ocrx_word' id='word_1_20' title='bbox 386 1102 638 1223; x_wconf 82' lang='lat' dir='ltr'><strong>Volvitur,</strong></span> <span class='ocrx_word' id='word_1_21' title='bbox 666 1125 718 1202; x_wconf 85' lang='lat' dir='ltr'><strong>et</strong></span> <span class='ocrx_word' id='word_1_22' title='bbox 740 1103 880 1241; x_wconf 88' lang='lat' dir='ltr'><strong>plani</strong></span> <span class='ocrx_word' id='word_1_23' title='bbox 907 1101 1092 1237; x_wconf 84' lang='lat' dir='ltr'><strong>raptim</strong></span> <span class='ocrx_word' id='word_1_24' title='bbox 1116 1102 1247 1237; x_wconf 89' lang='lat' dir='ltr'><strong>petit</strong></span> <span class='ocrx_word' id='word_1_25' title='bbox 1272 1138 1480 1238; x_wconf 88' lang='lat' dir='ltr'><strong>aequora</strong></span> <span class='ocrx_word' id='word_1_26' title='bbox 1504 1102 1687 1239; x_wconf 90' lang='lat' dir='ltr'><strong>campi.</strong></span> 
     </span>
     <span class='ocr_line' id='line_1_5' title="bbox 459 1276 1849 1418; baseline 0.003 -41"><span class='ocrx_word' id='word_1_27' title='bbox 459 1276 661 1377; x_wconf 84' lang='lat' dir='ltr'>Deinde</span> <span class='ocrx_word' id='word_1_28' title='bbox 687 1279 841 1376; x_wconf 88' lang='lat' dir='ltr'><strong>animi</strong></span> <span class='ocrx_word' id='word_1_29' title='bbox 866 1277 1118 1411; x_wconf 82' lang='lat' dir='ltr'>ingratam</span> <span class='ocrx_word' id='word_1_30' title='bbox 1143 1295 1375 1375; x_wconf 86' lang='lat' dir='ltr'><strong>naturam</strong></span> <span class='ocrx_word' id='word_1_31' title='bbox 1401 1314 1607 1413; x_wconf 87' lang='lat' dir='ltr'><strong>pascere</strong></span> <span class='ocrx_word' id='word_1_32' title='bbox 1635 1316 1849 1418; x_wconf 83' lang='lat' dir='ltr'><strong>semper,</strong></span> 
     </span>
    </p>

    <p class='ocr_par' dir='ltr' id='par_1_5' title="bbox 386 1445 1777 1590">
     <span class='ocr_line' id='line_1_6' title="bbox 386 1445 1777 1590; baseline 0.001 -39"><span class='ocrx_word' id='word_1_33' title='bbox 386 1449 561 1590; x_wconf 87' lang='lat' dir='ltr'><strong>Atque</strong></span> <span class='ocrx_word' id='word_1_34' title='bbox 588 1452 792 1588; x_wconf 87' lang='lat' dir='ltr'><strong>explere</strong></span> <span class='ocrx_word' id='word_1_35' title='bbox 818 1448 964 1550; x_wconf 90' lang='lat' dir='ltr'><strong>bonis</strong></span> <span class='ocrx_word' id='word_1_36' title='bbox 989 1445 1159 1568; x_wconf 89' lang='lat' dir='ltr'><strong>rebus,</strong></span> <span class='ocrx_word' id='word_1_37' title='bbox 1186 1449 1469 1585; x_wconf 88' lang='lat' dir='ltr'><strong>satiareque</strong></span> <span class='ocrx_word' id='word_1_38' title='bbox 1496 1489 1777 1590; x_wconf 88' lang='lat' dir='ltr'><strong>nunquam,</strong></span> 
     </span>
    </p>

    <p class='ocr_par' dir='ltr' id='par_1_6' title="bbox 381 1622 1697 1758">
     <span class='ocr_line' id='line_1_7' title="bbox 381 1622 1697 1758; baseline 0.001 -32"><span class='ocrx_word' id='word_1_39' title='bbox 381 1623 543 1745; x_wconf 82' lang='lat' dir='ltr'><strong>Quod</strong></span> <span class='ocrx_word' id='word_1_40' title='bbox 571 1623 767 1747; x_wconf 87' lang='lat' dir='ltr'><strong>faciunt</strong></span> <span class='ocrx_word' id='word_1_41' title='bbox 791 1622 937 1723; x_wconf 90' lang='lat' dir='ltr'><strong>nobis</strong></span> <span class='ocrx_word' id='word_1_42' title='bbox 963 1659 1210 1722; x_wconf 88' lang='lat' dir='ltr'><strong>annorum</strong></span> <span class='ocrx_word' id='word_1_43' title='bbox 1234 1645 1478 1758; x_wconf 84' lang='lat' dir='ltr'><strong>tempora,</strong></span> <span class='ocrx_word' id='word_1_44' title='bbox 1507 1625 1697 1733; x_wconf 81' lang='lat' dir='ltr'><strong>circum</strong></span> 
     </span>
    </p>

    <p class='ocr_par' dir='ltr' id='par_1_7' title="bbox 391 1768 1848 1940">
     <span class='ocr_line' id='line_1_8' title="bbox 391 1768 1848 1940; baseline 0.005 -44"><span class='ocrx_word' id='word_1_45' title='bbox 391 1795 562 1917; x_wconf 84' lang='lat' dir='ltr'><strong>Quom</strong></span> <span class='ocrx_word' id='word_1_46' title='bbox 588 1795 821 1918; x_wconf 85' lang='lat' dir='ltr'><strong>redeunt,</strong></span> <span class='ocrx_word' id='word_1_47' title='bbox 849 1796 1104 1935; x_wconf 87' lang='lat' dir='ltr'><strong>foetusque</strong></span> <span class='ocrx_word' id='word_1_48' title='bbox 1131 1795 1317 1916; x_wconf 88' lang='lat' dir='ltr'><strong>ferunt,</strong></span> <span class='ocrx_word' id='word_1_49' title='bbox 1343 1797 1608 1935; x_wconf 87' lang='lat' dir='ltr'><strong>variosque</strong></span> <span class='ocrx_word' id='word_1_50' title='bbox 1633 1768 1848 1940; x_wconf 90' lang='lat' dir='ltr'><strong>lepores,</strong></span> 
     </span>
    </p>
   </div>
   <div class='ocr_carea' id='block_1_3' title="bbox 209 1966 1693 2110">
    <p class='ocr_par' dir='ltr' id='par_1_8' title="bbox 209 1966 1693 2110">
     <span class='ocr_line' id='line_1_9' title="bbox 209 1966 1693 2110; baseline 0.001 -36"><span class='ocrx_word' id='word_1_51' title='bbox 209 2075 224 2103; x_wconf 52' lang='lat'>„</span> <span class='ocrx_word' id='word_1_52' title='bbox 390 1970 505 2075; x_wconf 92' lang='lat' dir='ltr'><strong>Nec</strong></span> <span class='ocrx_word' id='word_1_53' title='bbox 529 1995 700 2073; x_wconf 85' lang='lat' dir='ltr'><strong>tamen</strong></span> <span class='ocrx_word' id='word_1_54' title='bbox 726 1972 994 2109; x_wconf 83' lang='lat' dir='ltr'><strong>explemur</strong></span> <span class='ocrx_word' id='word_1_55' title='bbox 1016 1972 1137 2071; x_wconf 85' lang='lat' dir='ltr'><strong>vitai</strong></span> <span class='ocrx_word' id='word_1_56' title='bbox 1162 1966 1412 2068; x_wconf 87' lang='lat' dir='ltr'><strong>fructibus</strong></span> <span class='ocrx_word' id='word_1_57' title='bbox 1437 2008 1693 2110; x_wconf 85' lang='lat' dir='ltr'><strong>unquam3</strong></span> 
     </span>
    </p>
   </div>
   <div class='ocr_carea' id='block_1_4' title="bbox 326 2143 2015 2966">
    <p class='ocr_par' dir='ltr' id='par_1_9' title="bbox 326 2143 2015 2966">
     <span class='ocr_line' id='line_1_10' title="bbox 393 2143 1676 2293; baseline 0.002 -47"><span class='ocrx_word' id='word_1_58' title='bbox 393 2144 508 2249; x_wconf 89' lang='lat' dir='ltr'><strong>Hoc</strong></span> <span class='ocrx_word' id='word_1_59' title='bbox 532 2149 618 2284; x_wconf 89' lang='lat' dir='ltr'><strong>(ut</strong></span> <span class='ocrx_word' id='word_1_60' title='bbox 643 2147 849 2284; x_wconf 80' lang='lat' dir='ltr'><strong>opinor)</strong></span> <span class='ocrx_word' id='word_1_61' title='bbox 875 2144 1044 2265; x_wconf 89' lang='lat' dir='ltr'><strong>idest,</strong></span> <span class='ocrx_word' id='word_1_62' title='bbox 1073 2182 1179 2245; x_wconf 84' lang='lat' dir='ltr'><strong>aevo</strong></span> <span class='ocrx_word' id='word_1_63' title='bbox 1205 2143 1417 2257; x_wconf 88' lang='lat' dir='ltr'><strong>florente</strong></span> <span class='ocrx_word' id='word_1_64' title='bbox 1443 2148 1640 2284; x_wconf 84' lang='lat' dir='ltr'><strong>puellas</strong></span> <span class='ocrx_word' id='word_1_65' title='bbox 1673 2286 1676 2293; x_wconf 19' lang='grc' dir='ltr'>Ι</span> 
     </span>
     <span class='ocr_line' id='line_1_11' title="bbox 393 2315 2015 2459; baseline 0.002 -36"><span class='ocrx_word' id='word_1_66' title='bbox 393 2321 547 2443; x_wconf 81' lang='lat' dir='ltr'><strong>Quod</strong></span> <span class='ocrx_word' id='word_1_67' title='bbox 568 2315 871 2445; x_wconf 90' lang='lat' dir='ltr'><strong>memorant,</strong></span> <span class='ocrx_word' id='word_1_68' title='bbox 897 2320 1098 2421; x_wconf 89' lang='lat' dir='ltr'><strong>laticem</strong></span> <span class='ocrx_word' id='word_1_69' title='bbox 1123 2338 1386 2457; x_wconf 86' lang='lat' dir='ltr'><strong>pertusum</strong></span> <span class='ocrx_word' id='word_1_70' title='bbox 1412 2324 1684 2459; x_wconf 84' lang='lat' dir='ltr'><strong>congerere</strong></span> <span class='ocrx_word' id='word_1_71' title='bbox 1699 2325 1753 2427; x_wconf 90' lang='lat' dir='ltr'><strong>in</strong></span> <span class='ocrx_word' id='word_1_72' title='bbox 1767 2365 1884 2453; x_wconf 84' lang='lat' dir='ltr'><strong>vas3</strong></span> <span class='ocrx_word' id='word_1_73' title='bbox 2008 2364 2015 2377; x_wconf 94' lang='lat'><strong>·</strong></span> 
     </span>
     <span class='ocr_line' id='line_1_12' title="bbox 393 2460 1620 2635; baseline -0.002 -37"><span class='ocrx_word' id='word_1_74' title='bbox 393 2495 549 2617; x_wconf 81' lang='lat' dir='ltr'><strong>Quod</strong></span> <span class='ocrx_word' id='word_1_75' title='bbox 574 2521 745 2613; x_wconf 87' lang='lat' dir='ltr'><strong>tamen</strong></span> <span class='ocrx_word' id='word_1_76' title='bbox 771 2499 966 2635; x_wconf 87' lang='lat' dir='ltr'><strong>expleri</strong></span> <span class='ocrx_word' id='word_1_77' title='bbox 991 2497 1134 2598; x_wconf 92' lang='lat' dir='ltr'><strong>nulla</strong></span> <span class='ocrx_word' id='word_1_78' title='bbox 1158 2496 1350 2598; x_wconf 88' lang='lat' dir='ltr'><strong>ratione</strong></span> <span class='ocrx_word' id='word_1_79' title='bbox 1374 2460 1620 2632; x_wconf 86' lang='lat' dir='ltr'><strong>potestur.</strong></span> 
     </span>
     <span class='ocr_line' id='line_1_13' title="bbox 326 2668 1709 2810; baseline 0.001 -40"><span class='ocrx_word' id='word_1_80' title='bbox 326 2735 329 2742; x_wconf 90' lang='lat'><em>-</em></span> <span class='ocrx_word' id='word_1_81' title='bbox 463 2669 717 2772; x_wconf 89' lang='lat' dir='ltr'><strong>Cerberus</strong></span> <span class='ocrx_word' id='word_1_82' title='bbox 741 2694 793 2771; x_wconf 91' lang='lat' dir='ltr'><strong>et</strong></span> <span class='ocrx_word' id='word_1_83' title='bbox 818 2669 985 2775; x_wconf 88' lang='lat' dir='ltr'><strong>Furiae</strong></span> <span class='ocrx_word' id='word_1_84' title='bbox 1007 2673 1112 2810; x_wconf 85' lang='lat' dir='ltr'><strong>jam</strong></span> <span class='ocrx_word' id='word_1_85' title='bbox 1136 2707 1273 2790; x_wconf 87' lang='lat' dir='ltr'><strong>vero,</strong></span> <span class='ocrx_word' id='word_1_86' title='bbox 1300 2691 1352 2769; x_wconf 92' lang='lat' dir='ltr'><strong>et</strong></span> <span class='ocrx_word' id='word_1_87' title='bbox 1374 2668 1500 2767; x_wconf 89' lang='lat' dir='ltr'><strong>lucis</strong></span> <span class='ocrx_word' id='word_1_88' title='bbox 1517 2707 1709 2807; x_wconf 86' lang='lat' dir='ltr'><strong>egenus</strong></span> 
     </span>
     <span class='ocr_line' id='line_1_14' title="bbox 390 2842 1659 2966; baseline -0.001 -21"><span class='ocrx_word' id='word_1_89' title='bbox 390 2842 649 2966; x_wconf 80' lang='lat' dir='ltr'><strong>Tartarus,</strong></span> <span class='ocrx_word' id='word_1_90' title='bbox 677 2842 948 2946; x_wconf 89' lang='lat' dir='ltr'><strong>horriferos</strong></span> <span class='ocrx_word' id='word_1_91' title='bbox 973 2867 1204 2946; x_wconf 87' lang='lat' dir='ltr'><strong>eructans</strong></span> <span class='ocrx_word' id='word_1_92' title='bbox 1230 2842 1463 2944; x_wconf 84' lang='lat' dir='ltr'><strong>faucibus</strong></span> <span class='ocrx_word' id='word_1_93' title='bbox 1490 2866 1659 2966; x_wconf 75' lang='lat' dir='ltr'><strong>aestuS,</strong></span> 
     </span>
    </p>
   </div>
   <div class='ocr_carea' id='block_1_5' title="bbox 293 3016 1887 3161">
    <p class='ocr_par' dir='ltr' id='par_1_10' title="bbox 293 3016 1887 3161">
     <span class='ocr_line' id='line_1_15' title="bbox 293 3016 1887 3161; baseline 0.003 -42"><span class='ocrx_word' id='word_1_94' title='bbox 293 3082 301 3092; x_wconf 90' lang='lat'>·</span> <span class='ocrx_word' id='word_1_95' title='bbox 394 3016 523 3120; x_wconf 87' lang='lat' dir='ltr'><strong>Haec</strong></span> <span class='ocrx_word' id='word_1_96' title='bbox 548 3056 719 3158; x_wconf 91' lang='lat' dir='ltr'><strong>neque</strong></span> <span class='ocrx_word' id='word_1_97' title='bbox 757 3041 876 3119; x_wconf 87' lang='lat' dir='ltr'><strong>sunt</strong></span> <span class='ocrx_word' id='word_1_98' title='bbox 911 3056 1147 3161; x_wconf 84' lang='lat' dir='ltr'><strong>usquam,</strong></span> <span class='ocrx_word' id='word_1_99' title='bbox 1172 3050 1342 3156; x_wconf 89' lang='lat' dir='ltr'><strong>neque</strong></span> <span class='ocrx_word' id='word_1_100' title='bbox 1383 3041 1596 3156; x_wconf 87' lang='lat' dir='ltr'><strong>possunt</strong></span> <span class='ocrx_word' id='word_1_101' title='bbox 1631 3057 1736 3121; x_wconf 90' lang='lat' dir='ltr'><strong>esse</strong></span> <span class='ocrx_word' id='word_1_102' title='bbox 1769 3060 1887 3161; x_wconf 91' lang='lat' dir='ltr'><strong>pro·</strong></span> 
     </span>
    </p>
   </div>
   <div class='ocr_carea' id='block_1_6' title="bbox 393 3190 1900 5244">
    <p class='ocr_par' dir='ltr' id='par_1_11' title="bbox 393 3190 1900 5244">
     <span class='ocr_line' id='line_1_16' title="bbox 532 3190 680 3295; baseline 0.027 -4"><span class='ocrx_word' id='word_1_103' title='bbox 532 3190 680 3295; x_wconf 88' lang='lat' dir='ltr'><strong>fecto.</strong></span> 
     </span>
     <span class='ocr_line' id='line_1_17' title="bbox 394 3363 1603 3507; baseline 0.002 -43"><span class='ocrx_word' id='word_1_104' title='bbox 394 3363 496 3465; x_wconf 88' lang='lat' dir='ltr'><strong>Sed</strong></span> <span class='ocrx_word' id='word_1_105' title='bbox 522 3387 687 3465; x_wconf 89' lang='lat' dir='ltr'><strong>metus</strong></span> <span class='ocrx_word' id='word_1_106' title='bbox 711 3365 765 3465; x_wconf 93' lang='lat' dir='ltr'><strong>in</strong></span> <span class='ocrx_word' id='word_1_107' title='bbox 790 3367 893 3466; x_wconf 88' lang='lat' dir='ltr'><strong>vita</strong></span> <span class='ocrx_word' id='word_1_108' title='bbox 916 3402 1184 3507; x_wconf 81' lang='lat' dir='ltr'><strong>poenarum</strong></span> <span class='ocrx_word' id='word_1_109' title='bbox 1201 3402 1300 3502; x_wconf 91' lang='lat' dir='ltr'><strong>pro</strong></span> <span class='ocrx_word' id='word_1_110' title='bbox 1327 3363 1603 3466; x_wconf 85' lang='lat' dir='ltr'><strong>malefactis</strong></span> 
     </span>
     <span class='ocr_line' id='line_1_18' title="bbox 395 3536 1540 3676; baseline -0.001 -36"><span class='ocrx_word' id='word_1_111' title='bbox 395 3536 489 3640; x_wconf 88' lang='lat' dir='ltr'><strong>Est</strong></span> <span class='ocrx_word' id='word_1_112' title='bbox 514 3537 797 3676; x_wconf 86' lang='lat' dir='ltr'><strong>insignibus</strong></span> <span class='ocrx_word' id='word_1_113' title='bbox 823 3539 1050 3675; x_wconf 87' lang='lat' dir='ltr'><strong>insignis,</strong></span> <span class='ocrx_word' id='word_1_114' title='bbox 1078 3538 1379 3674; x_wconf 88' lang='lat' dir='ltr'><strong>scelerisque</strong></span> <span class='ocrx_word' id='word_1_115' title='bbox 1404 3540 1540 3640; x_wconf 88' lang='lat' dir='ltr'><strong>luela</strong></span> 
     </span>
     <span class='ocr_line' id='line_1_19' title="bbox 396 3709 1661 3848; baseline 0.002 -36"><span class='ocrx_word' id='word_1_116' title='bbox 396 3709 599 3831; x_wconf 90' lang='lat' dir='ltr'><strong>Carcer,</strong></span> <span class='ocrx_word' id='word_1_117' title='bbox 626 3735 679 3810; x_wconf 88' lang='lat' dir='ltr'><strong>et</strong></span> <span class='ocrx_word' id='word_1_118' title='bbox 704 3709 959 3811; x_wconf 86' lang='lat' dir='ltr'><strong>horribilis</strong></span> <span class='ocrx_word' id='word_1_119' title='bbox 982 3711 1048 3811; x_wconf 90' lang='lat' dir='ltr'><strong>de</strong></span> <span class='ocrx_word' id='word_1_120' title='bbox 1073 3749 1195 3811; x_wconf 84' lang='lat' dir='ltr'><strong>saxo</strong></span> <span class='ocrx_word' id='word_1_121' title='bbox 1212 3712 1380 3848; x_wconf 85' lang='lat' dir='ltr'><strong>jactus</strong></span> <span class='ocrx_word' id='word_1_122' title='bbox 1404 3712 1661 3835; x_wconf 89' lang='lat' dir='ltr'><strong>deorsum,</strong></span> 
     </span>
     <span class='ocr_line' id='line_1_20' title="bbox 393 3883 1713 4022; baseline -0.001 -36"><span class='ocrx_word' id='word_1_123' title='bbox 393 3883 639 4007; x_wconf 83' lang='lat' dir='ltr'><strong>Verbera,</strong></span> <span class='ocrx_word' id='word_1_124' title='bbox 666 3885 940 4008; x_wconf 83' lang='lat' dir='ltr'><strong>carnifices,</strong></span> <span class='ocrx_word' id='word_1_125' title='bbox 968 3884 1139 4004; x_wconf 87' lang='lat' dir='ltr'><strong>robur,</strong></span> <span class='ocrx_word' id='word_1_126' title='bbox 1166 3885 1274 4022; x_wconf 90' lang='lat' dir='ltr'><strong>pix,</strong></span> <span class='ocrx_word' id='word_1_127' title='bbox 1301 3885 1503 4005; x_wconf 86' lang='lat' dir='ltr'><strong>lamina,</strong></span> <span class='ocrx_word' id='word_1_128' title='bbox 1529 3885 1713 3986; x_wconf 85' lang='lat' dir='ltr'><strong>taedae:</strong></span> 
     </span>
     <span class='ocr_line' id='line_1_21' title="bbox 397 4057 1829 4178; baseline 0.001 -18"><span class='ocrx_word' id='word_1_129' title='bbox 397 4057 530 4178; x_wconf 83' lang='lat' dir='ltr'><strong>Quae</strong></span> <span class='ocrx_word' id='word_1_130' title='bbox 556 4082 726 4159; x_wconf 89' lang='lat' dir='ltr'><strong>tamen</strong></span> <span class='ocrx_word' id='word_1_131' title='bbox 752 4062 870 4161; x_wconf 90' lang='lat' dir='ltr'><strong>etsi</strong></span> <span class='ocrx_word' id='word_1_132' title='bbox 897 4059 1098 4178; x_wconf 88' lang='lat' dir='ltr'><strong>absunt,</strong></span> <span class='ocrx_word' id='word_1_133' title='bbox 1125 4080 1178 4158; x_wconf 87' lang='lat' dir='ltr'><strong>at</strong></span> <span class='ocrx_word' id='word_1_134' title='bbox 1202 4095 1344 4158; x_wconf 89' lang='lat' dir='ltr'><strong>mens</strong></span> <span class='ocrx_word' id='word_1_135' title='bbox 1369 4058 1464 4158; x_wconf 89' lang='lat' dir='ltr'><strong>sibi</strong></span> <span class='ocrx_word' id='word_1_136' title='bbox 1491 4061 1687 4160; x_wconf 84' lang='lat' dir='ltr'><strong>conscia</strong></span> <span class='ocrx_word' id='word_1_137' title='bbox 1709 4059 1829 4161; x_wconf 85' lang='lat' dir='ltr'><strong>facti</strong></span> 
     </span>
     <span class='ocr_line' id='line_1_22' title="bbox 396 4232 1827 4371; baseline 0 -36"><span class='ocrx_word' id='word_1_138' title='bbox 396 4234 760 4356; x_wconf 86' lang='lat' dir='ltr'><strong>Praemetnens,</strong></span> <span class='ocrx_word' id='word_1_139' title='bbox 786 4233 997 4335; x_wconf 86' lang='lat' dir='ltr'><strong>adhibet</strong></span> <span class='ocrx_word' id='word_1_140' title='bbox 1021 4232 1270 4352; x_wconf 60' lang='lat' dir='ltr'><strong>stimulos</strong></span> <span class='ocrx_word' id='word_1_141' title='bbox 1295 4253 1557 4371; x_wconf 86' lang='lat' dir='ltr'><strong>torretque</strong></span> <span class='ocrx_word' id='word_1_142' title='bbox 1584 4235 1827 4370; x_wconf 82' lang='lat' dir='ltr'><strong>flagellis3</strong></span> 
     </span>
     <span class='ocr_line' id='line_1_23' title="bbox 397 4408 1876 4546; baseline -0.003 -34"><span class='ocrx_word' id='word_1_143' title='bbox 397 4408 449 4512; x_wconf 93' lang='lat' dir='ltr'>N</span> <span class='ocrx_word' id='word_1_144' title='bbox 455 4450 511 4512; x_wconf 91' lang='lat' dir='ltr'><strong>ec</strong></span> <span class='ocrx_word' id='word_1_145' title='bbox 536 4411 672 4513; x_wconf 85' lang='lat' dir='ltr'><strong>videt</strong></span> <span class='ocrx_word' id='word_1_146' title='bbox 698 4411 909 4529; x_wconf 87' lang='lat' dir='ltr'><strong>interea,</strong></span> <span class='ocrx_word' id='word_1_147' title='bbox 936 4411 1025 4546; x_wconf 93' lang='lat' dir='ltr'><strong>qui</strong></span> <span class='ocrx_word' id='word_1_148' title='bbox 1056 4408 1296 4508; x_wconf 87' lang='lat' dir='ltr'><strong>terminus</strong></span> <span class='ocrx_word' id='word_1_149' title='bbox 1323 4443 1427 4507; x_wconf 91' lang='lat' dir='ltr'><strong>esse</strong></span> <span class='ocrx_word' id='word_1_150' title='bbox 1452 4408 1703 4509; x_wconf 85' lang='lat' dir='ltr'><strong>malorum</strong></span> <span class='ocrx_word' id='word_1_151' title='bbox 1868 4432 1876 4445; x_wconf 87' lang='lat'>&#39;</span> 
     </span>
     <span class='ocr_line' id='line_1_24' title="bbox 397 4561 1642 4721; baseline -0.002 -38"><span class='ocrx_word' id='word_1_152' title='bbox 397 4582 578 4705; x_wconf 89' lang='lat' dir='ltr'><strong>Possit,</strong></span> <span class='ocrx_word' id='word_1_153' title='bbox 605 4621 702 4683; x_wconf 90' lang='lat' dir='ltr'><strong>nec</strong></span> <span class='ocrx_word' id='word_1_154' title='bbox 726 4620 842 4721; x_wconf 88' lang='lat' dir='ltr'><strong>quae</strong></span> <span class='ocrx_word' id='word_1_155' title='bbox 867 4582 933 4682; x_wconf 88' lang='lat' dir='ltr'><strong>sit</strong></span> <span class='ocrx_word' id='word_1_156' title='bbox 956 4561 1224 4718; x_wconf 77' lang='lat' dir='ltr'><strong>paenarum</strong></span> <span class='ocrx_word' id='word_1_157' title='bbox 1248 4579 1472 4719; x_wconf 88' lang='lat' dir='ltr'><strong>denique</strong></span> <span class='ocrx_word' id='word_1_158' title='bbox 1499 4579 1642 4703; x_wconf 85' lang='lat' dir='ltr'><strong>linis3</strong></span> 
     </span>
     <span class='ocr_line' id='line_1_25' title="bbox 394 4724 1900 4896; baseline 0.001 -40"><span class='ocrx_word' id='word_1_159' title='bbox 394 4755 570 4894; x_wconf 84' lang='lat' dir='ltr'><strong>Atque</strong></span> <span class='ocrx_word' id='word_1_160' title='bbox 607 4724 807 4856; x_wconf 35' lang='lat' dir='ltr'><strong>eadem·</strong></span> <span class='ocrx_word' id='word_1_161' title='bbox 827 4757 1010 4857; x_wconf 83' lang='lat' dir='ltr'><strong>metuit</strong></span> <span class='ocrx_word' id='word_1_162' title='bbox 1050 4758 1215 4894; x_wconf 85' lang='lat' dir='ltr'><strong>magis</strong></span> <span class='ocrx_word' id='word_1_163' title='bbox 1247 4754 1357 4858; x_wconf 87' lang='lat' dir='ltr'><strong>haec</strong></span> <span class='ocrx_word' id='word_1_164' title='bbox 1389 4796 1456 4856; x_wconf 91' lang='lat' dir='ltr'><strong>ne</strong></span> <span class='ocrx_word' id='word_1_165' title='bbox 1490 4759 1541 4856; x_wconf 92' lang='lat' dir='ltr'><strong>in</strong></span> <span class='ocrx_word' id='word_1_166' title='bbox 1580 4781 1743 4858; x_wconf 90' lang='lat' dir='ltr'><strong>morte</strong></span> <span class='ocrx_word' id='word_1_167' title='bbox 1779 4794 1900 4896; x_wconf 53' lang='lat' dir='ltr'><strong>gras</strong></span> 
     </span>
     <span class='ocr_line' id='line_1_26' title="bbox 534 4951 900 5030; baseline 0.003 -1"><span class='ocrx_word' id='word_1_168' title='bbox 534 4951 768 5030; x_wconf 85' lang='lat' dir='ltr'><strong>vescant:</strong></span> <span class='ocrx_word' id='word_1_169' title='bbox 894 5006 900 5018; x_wconf 79' lang='lat'><strong>.</strong></span> 
     </span>
     <span class='ocr_line' id='line_1_27' title="bbox 398 5100 1620 5244; baseline -0.005 -39"><span class='ocrx_word' id='word_1_170' title='bbox 398 5100 537 5205; x_wconf 87' lang='lat' dir='ltr'><strong>Hine</strong></span> <span class='ocrx_word' id='word_1_171' title='bbox 560 5101 844 5205; x_wconf 81' lang='lat' dir='ltr'><strong>Acherusia</strong></span> <span class='ocrx_word' id='word_1_172' title='bbox 864 5102 926 5204; x_wconf 90' lang='lat' dir='ltr'><strong>fit</strong></span> <span class='ocrx_word' id='word_1_173' title='bbox 949 5102 1221 5204; x_wconf 79' lang='lat' dir='ltr'><strong>stultorum</strong></span> <span class='ocrx_word' id='word_1_174' title='bbox 1245 5102 1466 5244; x_wconf 89' lang='lat' dir='ltr'><strong>denique</strong></span> <span class='ocrx_word' id='word_1_175' title='bbox 1490 5104 1620 5205; x_wconf 72' lang='lat' dir='ltr'><strong>vita..</strong></span> 
     </span>
    </p>
   </div>
   <div class='ocr_carea' id='block_1_7' title="bbox 0 0 2312 6112">
    <p class='ocr_par' dir='ltr' id='par_1_12' title="bbox 0 0 2312 6112">
     <span class='ocr_line' id='line_1_28' title="bbox 0 0 2312 6112; baseline 0 0"><span class='ocrx_word' id='word_1_176' title='bbox 0 0 2312 6112; x_wconf 95' lang='lat' dir='ltr'><strong> </strong></span> 
     </span>
    </p>
   </div>
  </div>
 </body>
</html>
