<?xml version="1.0" encoding="UTF-8"?>
<!DOCTYPE html PUBLIC "-//W3C//DTD XHTML 1.0 Transitional//EN"
    "http://www.w3.org/TR/xhtml1/DTD/xhtml1-transitional.dtd">
<html xmlns="http://www.w3.org/1999/xhtml" xml:lang="en" lang="en">
 <head>
  <title>
</title>
<meta http-equiv="Content-Type" content="text/html;charset=utf-8" />
  <meta name='ocr-system' content='tesseract 3.04.00' />
  <meta name='ocr-capabilities' content='ocr_page ocr_carea ocr_par ocr_line ocrx_word'/>
</head>
<body>
  <div class='ocr_page' id='page_1' title='image "./titilucretiicar05carugoog_0044.png"; bbox 0 0 4598 6112; ppageno 0'>
   <div class='ocr_carea' id='block_1_1' title="bbox 669 491 1525 625">
    <p class='ocr_par' dir='ltr' id='par_1_1' title="bbox 669 491 1525 625">
     <span class='ocr_line' id='line_1_1' title="bbox 669 491 1525 625; baseline -0.005 -7"><span class='ocrx_word' id='word_1_1' title='bbox 669 512 672 524; x_wconf 84' lang='grc'><em>·</em></span> <span class='ocrx_word' id='word_1_2' title='bbox 761 562 769 579; x_wconf 84' lang='lat'><strong>.</strong></span> <span class='ocrx_word' id='word_1_3' title='bbox 828 491 1107 612; x_wconf 76' lang='lat' dir='ltr'><strong>nisan·</strong></span> <span class='ocrx_word' id='word_1_4' title='bbox 1144 517 1483 625; x_wconf 71' lang='lat' dir='ltr'><strong>Pnr&#39;nus.</strong></span> <span class='ocrx_word' id='word_1_5' title='bbox 1512 498 1525 551; x_wconf 81' lang='lat'><strong>²</strong></span> 
     </span>
    </p>
   </div>
   <div class='ocr_carea' id='block_1_2' title="bbox 292 769 1903 5128">
    <p class='ocr_par' dir='ltr' id='par_1_2' title="bbox 292 769 1903 5128">
     <span class='ocr_line' id='line_1_2' title="bbox 415 769 1788 922; baseline 0.007 -46"><span class='ocrx_word' id='word_1_6' title='bbox 415 775 594 917; x_wconf 77' lang='lat' dir='ltr'><strong>Atque</strong></span> <span class='ocrx_word' id='word_1_7' title='bbox 617 777 791 879; x_wconf 88' lang='lat' dir='ltr'><strong>cadem</strong></span> <span class='ocrx_word' id='word_1_8' title='bbox 820 783 992 918; x_wconf 88' lang='lat' dir='ltr'><strong>magni</strong></span> <span class='ocrx_word' id='word_1_9' title='bbox 1018 781 1172 884; x_wconf 85' lang='lat' dir='ltr'><strong>rele&#39;rt</strong></span> <span class='ocrx_word' id='word_1_10' title='bbox 1196 777 1472 922; x_wconf 85' lang='lat' dir='ltr'><strong>primordia</strong></span> <span class='ocrx_word' id='word_1_11' title='bbox 1496 813 1631 922; x_wconf 87' lang='lat' dir='ltr'><strong>saepe</strong></span> <span class='ocrx_word' id='word_1_12' title='bbox 1782 769 1788 780; x_wconf 58' lang='grc'>’</span> 
     </span>
     <span class='ocr_line' id='line_1_3' title="bbox 418 950 1682 1096; baseline 0.005 -41"><span class='ocrx_word' id='word_1_13' title='bbox 418 953 550 1055; x_wconf 79' lang='lat' dir='ltr'><strong>Cum</strong></span> <span class='ocrx_word' id='word_1_14' title='bbox 577 956 781 1094; x_wconf 82' lang='lat' dir='ltr'><strong>quibus,</strong></span> <span class='ocrx_word' id='word_1_15' title='bbox 809 960 861 1056; x_wconf 80' lang='lat' dir='ltr'><strong>et</strong></span> <span class='ocrx_word' id='word_1_16' title='bbox 885 958 1024 1094; x_wconf 88' lang='lat' dir='ltr'><strong>quali</strong></span> <span class='ocrx_word' id='word_1_17' title='bbox 1049 952 1275 1096; x_wconf 86' lang='lat' dir='ltr'><strong>positura</strong></span> <span class='ocrx_word' id='word_1_18' title='bbox 1300 950 1682 1084; x_wconf 59' lang='lat' dir='ltr'><strong>contineantur}</strong></span> 
     </span>
     <span class='ocr_line' id='line_1_4' title="bbox 418 1126 1627 1275; baseline 0.006 -44"><span class='ocrx_word' id='word_1_19' title='bbox 418 1129 487 1231; x_wconf 85' lang='lat' dir='ltr'><strong>Et</strong></span> <span class='ocrx_word' id='word_1_20' title='bbox 512 1168 640 1270; x_wconf 90' lang='lat' dir='ltr'><strong>quos</strong></span> <span class='ocrx_word' id='word_1_21' title='bbox 665 1135 797 1232; x_wconf 83' lang='lat' dir='ltr'><strong>inter</strong></span> <span class='ocrx_word' id='word_1_22' title='bbox 821 1170 874 1230; x_wconf 93' lang='lat' dir='ltr'><strong>se</strong></span> <span class='ocrx_word' id='word_1_23' title='bbox 900 1126 1231 1258; x_wconf 60' lang='lat' dir='ltr'><strong>dentrnntuu·</strong></span> <span class='ocrx_word' id='word_1_24' title='bbox 1257 1126 1627 1275; x_wconf 83' lang='lat' dir='ltr'><strong>accipiantque.</strong></span> 
     </span>
     <span class='ocr_line' id='line_1_5' title="bbox 418 1294 1890 1446; baseline 0.003 -39"><span class='ocrx_word' id='word_1_25' title='bbox 418 1305 857 1446; x_wconf 86' lang='lat' dir='ltr'><strong>Namque-eadem</strong></span> <span class='ocrx_word' id='word_1_26' title='bbox 875 1306 1074 1428; x_wconf 78' lang='lat' dir='ltr'><strong>eaelum,</strong></span> <span class='ocrx_word' id='word_1_27' title='bbox 1088 1334 1248 1431; x_wconf 80' lang='lat' dir='ltr'><strong>mare,</strong></span> <span class='ocrx_word' id='word_1_28' title='bbox 1268 1332 1443 1430; x_wconf 87' lang='lat' dir='ltr'><strong>terras,</strong></span> <span class='ocrx_word' id='word_1_29' title='bbox 1471 1311 1699 1431; x_wconf 88' lang='lat' dir='ltr'><strong>flumina,</strong></span> <span class='ocrx_word' id='word_1_30' title='bbox 1720 1294 1890 1411; x_wconf 33' lang='lat' dir='ltr'><strong>solern‘</strong></span> 
     </span>
     <span class='ocr_line' id='line_1_6' title="bbox 316 1480 1825 1622; baseline -0.003 -31"><span class='ocrx_word' id='word_1_31' title='bbox 316 1584 318 1591; x_wconf 12' lang='grc' dir='ltr'><strong>Α</strong></span> <span class='ocrx_word' id='word_1_32' title='bbox 420 1481 753 1610; x_wconf 83' lang='lat' dir='ltr'><strong>Constituunt</strong></span> <span class='ocrx_word' id='word_1_33' title='bbox 768 1525 782 1605; x_wconf 85' lang='lat'>3</span> <span class='ocrx_word' id='word_1_34' title='bbox 809 1480 984 1584; x_wconf 81' lang='lat' dir='ltr'><strong>eadern</strong></span> <span class='ocrx_word' id='word_1_35' title='bbox 1011 1483 1219 1622; x_wconf 87' lang='lat' dir='ltr'><strong>frugeis,</strong></span> <span class='ocrx_word' id='word_1_36' title='bbox 1247 1481 1469 1608; x_wconf 88' lang='lat' dir='ltr'><strong>arbusta,</strong></span> <span class='ocrx_word' id='word_1_37' title='bbox 1496 1487 1825 1587; x_wconf 84' lang='lat' dir='ltr'><strong>animanteis:</strong></span> 
     </span>
     <span class='ocr_line' id='line_1_7' title="bbox 415 1645 1865 1798; baseline 0.006 -43"><span class='ocrx_word' id='word_1_38' title='bbox 415 1654 607 1756; x_wconf 88' lang='lat' dir='ltr'><strong>Verum</strong></span> <span class='ocrx_word' id='word_1_39' title='bbox 635 1660 761 1778; x_wconf 89' lang='lat' dir='ltr'><strong>aliis,</strong></span> <span class='ocrx_word' id='word_1_40' title='bbox 789 1660 990 1798; x_wconf 89' lang='lat' dir='ltr'><strong>alioque</strong></span> <span class='ocrx_word' id='word_1_41' title='bbox 1015 1645 1167 1761; x_wconf 80' lang='lat' dir='ltr'><strong>modu</strong></span> <span class='ocrx_word' id='word_1_42' title='bbox 1192 1662 1452 1763; x_wconf 87' lang='lat' dir='ltr'><strong>commista</strong></span> <span class='ocrx_word' id='word_1_43' title='bbox 1476 1651 1756 1763; x_wconf 69' lang='lat' dir='ltr'><strong>mouentur.</strong></span> <span class='ocrx_word' id='word_1_44' title='bbox 1846 1650 1865 1721; x_wconf 54' lang='lat'>7</span> 
     </span>
     <span class='ocr_line' id='line_1_8' title="bbox 487 1824 1799 1974; baseline 0.002 -40"><span class='ocrx_word' id='word_1_45' title='bbox 487 1830 628 1952; x_wconf 84' lang='lat' dir='ltr'><strong>Quin</strong></span> <span class='ocrx_word' id='word_1_46' title='bbox 655 1836 806 1934; x_wconf 82' lang='lat' dir='ltr'><strong>etiam</strong></span> <span class='ocrx_word' id='word_1_47' title='bbox 834 1836 1016 1972; x_wconf 88' lang='lat' dir='ltr'><strong>passim</strong></span> <span class='ocrx_word' id='word_1_48' title='bbox 1042 1836 1225 1935; x_wconf 83' lang='lat' dir='ltr'><strong>nostris</strong></span> <span class='ocrx_word' id='word_1_49' title='bbox 1250 1824 1312 1935; x_wconf 65' lang='lat' dir='ltr'><strong>in=</strong></span> <span class='ocrx_word' id='word_1_50' title='bbox 1328 1835 1555 1937; x_wconf 88' lang='lat' dir='ltr'><strong>versibus</strong></span> <span class='ocrx_word' id='word_1_51' title='bbox 1581 1837 1702 1974; x_wconf 86' lang='lat' dir='ltr'><strong>ipsis</strong></span> <span class='ocrx_word' id='word_1_52' title='bbox 1795 1850 1799 1857; x_wconf 84' lang='grc'>’</span> 
     </span>
     <span class='ocr_line' id='line_1_9' title="bbox 416 1990 1858 2135; baseline 0.001 -26"><span class='ocrx_word' id='word_1_53' title='bbox 416 2005 588 2109; x_wconf 87' lang='lat' dir='ltr'><strong>Multa</strong></span> <span class='ocrx_word' id='word_1_54' title='bbox 612 2011 860 2109; x_wconf 87' lang='lat' dir='ltr'><strong>clementa</strong></span> <span class='ocrx_word' id='word_1_55' title='bbox 884 2009 1024 2110; x_wconf 86' lang='lat' dir='ltr'><strong>vides</strong></span> <span class='ocrx_word' id='word_1_56' title='bbox 1049 2008 1222 2110; x_wconf 87' lang='lat' dir='ltr'><strong>multis</strong></span> <span class='ocrx_word' id='word_1_57' title='bbox 1247 2011 1534 2111; x_wconf 86' lang='lat' dir='ltr'><strong>communia</strong></span> <span class='ocrx_word' id='word_1_58' title='bbox 1559 1990 1753 2135; x_wconf 63' lang='lat' dir='ltr'><strong>verbisss</strong></span> <span class='ocrx_word' id='word_1_59' title='bbox 1850 2000 1858 2091; x_wconf 75' lang='grc' dir='ltr'><strong><em>Ῐ</em></strong></span> 
     </span>
     <span class='ocr_line' id='line_1_10' title="bbox 417 2179 1764 2324; baseline 0.001 -39"><span class='ocrx_word' id='word_1_60' title='bbox 417 2183 546 2285; x_wconf 88' lang='lat' dir='ltr'><strong>Cum</strong></span> <span class='ocrx_word' id='word_1_61' title='bbox 573 2207 743 2287; x_wconf 87' lang='lat' dir='ltr'><strong>tamen</strong></span> <span class='ocrx_word' id='word_1_62' title='bbox 770 2182 902 2283; x_wconf 84' lang='lat' dir='ltr'><strong>inter</strong></span> <span class='ocrx_word' id='word_1_63' title='bbox 926 2212 979 2283; x_wconf 83' lang='lat' dir='ltr'><strong>se</strong></span> <span class='ocrx_word' id='word_1_64' title='bbox 1004 2205 1175 2324; x_wconf 84' lang='lat' dir='ltr'><strong>versus</strong></span> <span class='ocrx_word' id='word_1_65' title='bbox 1202 2222 1259 2287; x_wconf 90' lang='lat' dir='ltr'><strong>ac</strong></span> <span class='ocrx_word' id='word_1_66' title='bbox 1283 2184 1438 2286; x_wconf 89' lang='lat' dir='ltr'><strong>verba</strong></span> <span class='ocrx_word' id='word_1_67' title='bbox 1462 2179 1662 2288; x_wconf 80' lang='lat' dir='ltr'><strong>necesse</strong></span> <span class='ocrx_word' id='word_1_68' title='bbox 1688 2209 1764 2290; x_wconf 88' lang='lat' dir='ltr'><strong>est</strong></span> 
     </span>
     <span class='ocr_line' id='line_1_11' title="bbox 373 2350 1831 2505; baseline 0.003 -47"><span class='ocrx_word' id='word_1_69' title='bbox 373 2500 377 2505; x_wconf 13' lang='lat'><strong>¹</strong></span> <span class='ocrx_word' id='word_1_70' title='bbox 416 2350 719 2480; x_wconf 84' lang='lat' dir='ltr'><strong>Conlitcare,</strong></span> <span class='ocrx_word' id='word_1_71' title='bbox 746 2382 798 2460; x_wconf 87' lang='lat' dir='ltr'><strong>et</strong></span> <span class='ocrx_word' id='word_1_72' title='bbox 823 2397 876 2461; x_wconf 91' lang='lat' dir='ltr'><strong>re</strong></span> <span class='ocrx_word' id='word_1_73' title='bbox 902 2359 954 2459; x_wconf 84' lang='lat' dir='ltr'><strong>et</strong></span> <span class='ocrx_word' id='word_1_74' title='bbox 972 2361 1139 2460; x_wconf 89' lang='lat' dir='ltr'><strong>sonitu</strong></span> <span class='ocrx_word' id='word_1_75' title='bbox 1167 2353 1353 2460; x_wconf 86' lang='lat' dir='ltr'><strong>distare</strong></span> <span class='ocrx_word' id='word_1_76' title='bbox 1379 2354 1605 2462; x_wconf 79' lang='lat' dir='ltr'><strong>sonanti:</strong></span> <span class='ocrx_word' id='word_1_77' title='bbox 1651 2376 1676 2475; x_wconf 68' lang='lat' dir='ltr'>J</span> <span class='ocrx_word' id='word_1_78' title='bbox 1827 2394 1831 2401; x_wconf 88' lang='grc'><em>·</em></span> 
     </span>
     <span class='ocr_line' id='line_1_12' title="bbox 292 2510 1796 2674; baseline 0.004 -42"><span class='ocrx_word' id='word_1_79' title='bbox 292 2626 296 2632; x_wconf 86' lang='grc'>.</span> <span class='ocrx_word' id='word_1_80' title='bbox 398 2529 635 2635; x_wconf 82' lang='lat' dir='ltr'><strong>‘Tantum</strong></span> <span class='ocrx_word' id='word_1_81' title='bbox 662 2535 911 2634; x_wconf 76' lang='lat' dir='ltr'><strong>&#39;elementa</strong></span> <span class='ocrx_word' id='word_1_82' title='bbox 935 2534 1137 2674; x_wconf 83' lang='lat' dir='ltr'><strong>queunt</strong></span> <span class='ocrx_word' id='word_1_83' title='bbox 1160 2557 1448 2672; x_wconf 82' lang='lat' dir='ltr'><strong>permutato</strong></span> <span class='ocrx_word' id='word_1_84' title='bbox 1472 2533 1651 2635; x_wconf 81' lang='lat' dir='ltr'>ordine</span> <span class='ocrx_word' id='word_1_85' title='bbox 1676 2510 1796 2638; x_wconf 81' lang='lat' dir='ltr'><strong>solu.</strong></span> 
     </span>
     <span class='ocr_line' id='line_1_13' title="bbox 413 2680 1726 2848; baseline 0.001 -38"><span class='ocrx_word' id='word_1_86' title='bbox 413 2712 485 2810; x_wconf 82' lang='lat' dir='ltr'><strong>At</strong></span> <span class='ocrx_word' id='word_1_87' title='bbox 509 2680 675 2810; x_wconf 89' lang='lat' dir='ltr'><strong>rerum</strong></span> <span class='ocrx_word' id='word_1_88' title='bbox 705 2748 822 2848; x_wconf 86' lang='lat' dir='ltr'><strong>quae</strong></span> <span class='ocrx_word' id='word_1_89' title='bbox 848 2730 969 2809; x_wconf 87' lang='lat' dir='ltr'><strong>sunt</strong></span> <span class='ocrx_word' id='word_1_90' title='bbox 991 2707 1283 2844; x_wconf 87' lang='lat' dir='ltr'><strong>primordia,</strong></span> <span class='ocrx_word' id='word_1_91' title='bbox 1310 2711 1460 2848; x_wconf 89' lang='lat' dir='ltr'><strong>plura</strong></span> <span class='ocrx_word' id='word_1_92' title='bbox 1485 2707 1726 2811; x_wconf 87' lang='lat' dir='ltr'><strong>adhihere</strong></span> 
     </span>
     <span class='ocr_line' id='line_1_14' title="bbox 415 2865 1828 3024; baseline -0.001 -39"><span class='ocrx_word' id='word_1_93' title='bbox 415 2882 650 3005; x_wconf 86' lang='lat' dir='ltr'><strong>Possunt,</strong></span> <span class='ocrx_word' id='word_1_94' title='bbox 681 2884 823 2997; x_wconf 91' lang='lat' dir='ltr'><strong>unde</strong></span> <span class='ocrx_word' id='word_1_95' title='bbox 843 2865 1037 3023; x_wconf 83' lang='lat' dir='ltr'><strong>queant</strong></span> <span class='ocrx_word' id='word_1_96' title='bbox 1059 2884 1210 2984; x_wconf 83' lang='lat' dir='ltr'><strong>variae</strong></span> <span class='ocrx_word' id='word_1_97' title='bbox 1230 2917 1309 2983; x_wconf 88' lang='lat' dir='ltr'><strong>res</strong></span> <span class='ocrx_word' id='word_1_98' title='bbox 1334 2879 1558 3024; x_wconf 73' lang='lat' dir='ltr'><strong>q&#39;uaeque</strong></span> <span class='ocrx_word' id='word_1_99' title='bbox 1584 2882 1758 2984; x_wconf 78' lang='lat' dir='ltr'><strong>creari.</strong></span> <span class='ocrx_word' id='word_1_100' title='bbox 1805 2878 1828 2923; x_wconf 52' lang='lat'><strong>&#39;⁵</strong></span> 
     </span>
     <span class='ocr_line' id='line_1_15' title="bbox 416 3054 1704 3198; baseline -0.008 -35"><span class='ocrx_word' id='word_1_101' title='bbox 416 3094 419 3100; x_wconf 82' lang='grc'><strong>’</strong></span> <span class='ocrx_word' id='word_1_102' title='bbox 485 3059 643 3163; x_wconf 88' lang='lat' dir='ltr'><strong>Nunc</strong></span> <span class='ocrx_word' id='word_1_103' title='bbox 668 3065 722 3161; x_wconf 86' lang='lat' dir='ltr'><strong>et</strong></span> <span class='ocrx_word' id='word_1_104' title='bbox 746 3060 1065 3198; x_wconf 83' lang='lat' dir='ltr'><strong>Anaxagorae</strong></span> <span class='ocrx_word' id='word_1_105' title='bbox 1090 3079 1372 3159; x_wconf 84' lang='lat' dir='ltr'><strong>scrutemur</strong></span> <span class='ocrx_word' id='word_1_106' title='bbox 1388 3054 1704 3196; x_wconf 61' lang='lat' dir='ltr'><strong>‘Opotonlpaun</strong></span> 
     </span>
     <span class='ocr_line' id='line_1_16' title="bbox 413 3232 1876 3372; baseline -0.002 -35"><span class='ocrx_word' id='word_1_107' title='bbox 413 3233 583 3357; x_wconf 85' lang='lat' dir='ltr'><strong>Quam</strong></span> <span class='ocrx_word' id='word_1_108' title='bbox 613 3234 751 3338; x_wconf 86' lang='lat' dir='ltr'><strong>Graii</strong></span> <span class='ocrx_word' id='word_1_109' title='bbox 780 3238 1081 3353; x_wconf 79' lang='lat' dir='ltr'><strong>memorant,</strong></span> <span class='ocrx_word' id='word_1_110' title='bbox 1107 3270 1200 3332; x_wconf 89' lang='lat' dir='ltr'><strong>nec</strong></span> <span class='ocrx_word' id='word_1_111' title='bbox 1224 3243 1395 3333; x_wconf 80' lang='lat' dir='ltr'><strong>nostra</strong></span> <span class='ocrx_word' id='word_1_112' title='bbox 1418 3232 1586 3334; x_wconf 84' lang='lat' dir='ltr'><strong>dic‘ere</strong></span> <span class='ocrx_word' id='word_1_113' title='bbox 1606 3232 1790 3372; x_wconf 82' lang='lat' dir='ltr'><strong>lingua</strong></span> <span class='ocrx_word' id='word_1_114' title='bbox 1847 3232 1876 3250; x_wconf 78' lang='grc'><em>”</em></span> 
     </span>
     <span class='ocr_line' id='line_1_17' title="bbox 413 3406 1524 3547; baseline -0.001 -37"><span class='ocrx_word' id='word_1_115' title='bbox 413 3406 663 3512; x_wconf 74' lang='lat' dir='ltr'><strong>Concedit</strong></span> <span class='ocrx_word' id='word_1_116' title='bbox 687 3410 834 3511; x_wconf 89' lang='lat' dir='ltr'><strong>nobis</strong></span> <span class='ocrx_word' id='word_1_117' title='bbox 857 3410 1008 3547; x_wconf 87' lang='lat' dir='ltr'><strong>patrii</strong></span> <span class='ocrx_word' id='word_1_118' title='bbox 1036 3408 1278 3509; x_wconf 83' lang='lat' dir='ltr'><strong>sermonis</strong></span> <span class='ocrx_word' id='word_1_119' title='bbox 1293 3410 1524 3546; x_wconf 76' lang='lat' dir='ltr'><strong>egestas:</strong></span> 
     </span>
     <span class='ocr_line' id='line_1_18' title="bbox 413 3581 1876 3724; baseline -0.001 -39"><span class='ocrx_word' id='word_1_120' title='bbox 413 3583 515 3686; x_wconf 84' lang='lat' dir='ltr'><strong>Sed</strong></span> <span class='ocrx_word' id='word_1_121' title='bbox 540 3607 711 3685; x_wconf 85' lang='lat' dir='ltr'><strong>tamen</strong></span> <span class='ocrx_word' id='word_1_122' title='bbox 736 3588 897 3724; x_wconf 82' lang='lat' dir='ltr'>ipsam</span> <span class='ocrx_word' id='word_1_123' title='bbox 917 3581 1193 3684; x_wconf 77' lang='lat' dir='ltr'><strong>remlacile</strong></span> <span class='ocrx_word' id='word_1_124' title='bbox 1219 3602 1295 3724; x_wconf 78' lang='lat' dir='ltr'><strong>est</strong></span> <span class='ocrx_word' id='word_1_125' title='bbox 1314 3582 1570 3720; x_wconf 75' lang='lat' dir='ltr'><strong>expauere</strong></span> <span class='ocrx_word' id='word_1_126' title='bbox 1594 3581 1780 3706; x_wconf 81' lang='lat' dir='ltr'><strong>verbis,</strong></span> <span class='ocrx_word' id='word_1_127' title='bbox 1803 3604 1806 3611; x_wconf 84' lang='lat'>&#39;</span> <span class='ocrx_word' id='word_1_128' title='bbox 1849 3590 1876 3605; x_wconf 82' lang='grc'><em>”</em></span> 
     </span>
     <span class='ocr_line' id='line_1_19' title="bbox 409 3753 1598 3899; baseline 0.002 -39"><span class='ocrx_word' id='word_1_129' title='bbox 409 3756 724 3899; x_wconf 86' lang='lat' dir='ltr'><strong>Principium</strong></span> <span class='ocrx_word' id='word_1_130' title='bbox 749 3796 920 3860; x_wconf 86' lang='lat' dir='ltr'><strong>rerum</strong></span> <span class='ocrx_word' id='word_1_131' title='bbox 946 3794 1101 3897; x_wconf 87' lang='lat' dir='ltr'><strong>quam</strong></span> <span class='ocrx_word' id='word_1_132' title='bbox 1126 3756 1250 3858; x_wconf 79' lang='lat' dir='ltr'><strong>dicit</strong></span> <span class='ocrx_word' id='word_1_133' title='bbox 1271 3753 1598 3897; x_wconf 71' lang='grc' dir='ltr'><strong>Ὀμόιομὲρειαντ</strong></span> 
     </span>
     <span class='ocr_line' id='line_1_20' title="bbox 412 3931 1561 4075; baseline -0.002 -41"><span class='ocrx_word' id='word_1_134' title='bbox 412 3932 543 4036; x_wconf 83' lang='lat' dir='ltr'><strong>Ossa</strong></span> <span class='ocrx_word' id='word_1_135' title='bbox 566 3935 802 4037; x_wconf 85' lang='lat' dir='ltr'><strong>videlicet</strong></span> <span class='ocrx_word' id='word_1_136' title='bbox 819 3934 884 4035; x_wconf 91' lang='lat' dir='ltr'><strong>de</strong></span> <span class='ocrx_word' id='word_1_137' title='bbox 910 3931 1148 4071; x_wconf 83' lang='lat' dir='ltr'><strong>pauxillis</strong></span> <span class='ocrx_word' id='word_1_138' title='bbox 1174 3950 1327 4070; x_wconf 87' lang='lat' dir='ltr'><strong>atqu&#39;e</strong></span> <span class='ocrx_word' id='word_1_139' title='bbox 1352 3932 1561 4075; x_wconf 82' lang='lat' dir='ltr'><strong>minutis</strong></span> 
     </span>
     <span class='ocr_line' id='line_1_21' title="bbox 410 4106 1621 4248; baseline -0.001 -39"><span class='ocrx_word' id='word_1_140' title='bbox 410 4106 655 4234; x_wconf 85' lang='lat' dir='ltr'><strong>Ossibus3</strong></span> <span class='ocrx_word' id='word_1_141' title='bbox 694 4112 763 4212; x_wconf 90' lang='lat' dir='ltr'><strong>sic</strong></span> <span class='ocrx_word' id='word_1_142' title='bbox 787 4132 841 4210; x_wconf 83' lang='lat' dir='ltr'><strong>et</strong></span> <span class='ocrx_word' id='word_1_143' title='bbox 859 4109 929 4208; x_wconf 82' lang='lat' dir='ltr'><strong>dc</strong></span> <span class='ocrx_word' id='word_1_144' title='bbox 950 4106 1194 4245; x_wconf 73' lang='lat' dir='ltr'><strong>pauxillis</strong></span> <span class='ocrx_word' id='word_1_145' title='bbox 1219 4110 1385 4248; x_wconf 83' lang='lat' dir='ltr'><strong>atque</strong></span> <span class='ocrx_word' id='word_1_146' title='bbox 1399 4109 1621 4210; x_wconf 85' lang='lat' dir='ltr'><strong>minutis</strong></span> 
     </span>
     <span class='ocr_line' id='line_1_22' title="bbox 407 4281 1843 4422; baseline 0.002 -38"><span class='ocrx_word' id='word_1_147' title='bbox 407 4281 701 4387; x_wconf 86' lang='lat' dir='ltr'><strong>Visceribus</strong></span> <span class='ocrx_word' id='word_1_148' title='bbox 724 4286 889 4386; x_wconf 88' lang='lat' dir='ltr'><strong>viscus</strong></span> <span class='ocrx_word' id='word_1_149' title='bbox 913 4283 1088 4422; x_wconf 82' lang='lat' dir='ltr'><strong>gigni-3</strong></span> <span class='ocrx_word' id='word_1_150' title='bbox 1127 4285 1660 4422; x_wconf 81' lang='lat' dir='ltr'><strong>sanguenque-creari,</strong></span> <span class='ocrx_word' id='word_1_151' title='bbox 1764 4353 1771 4372; x_wconf 46' lang='grc' dir='ltr'><em>ι</em></span> <span class='ocrx_word' id='word_1_152' title='bbox 1838 4285 1843 4296; x_wconf 72' lang='grc'><strong><em>’</em></strong></span> 
     </span>
     <span class='ocr_line' id='line_1_23' title="bbox 409 4453 1681 4599; baseline 0 -39"><span class='ocrx_word' id='word_1_153' title='bbox 409 4457 682 4599; x_wconf 83' lang='lat' dir='ltr'><strong>Sanguinis</strong></span> <span class='ocrx_word' id='word_1_154' title='bbox 705 4462 840 4565; x_wconf 83' lang='lat' dir='ltr'><strong>inter</strong></span> <span class='ocrx_word' id='word_1_155' title='bbox 862 4496 915 4561; x_wconf 87' lang='lat' dir='ltr'><strong>se</strong></span> <span class='ocrx_word' id='word_1_156' title='bbox 938 4458 1112 4559; x_wconf 85' lang='lat' dir='ltr'><strong>multis</strong></span> <span class='ocrx_word' id='word_1_157' title='bbox 1136 4453 1436 4558; x_wconf 66' lang='lat' dir='ltr'><strong>coeuntibus</strong></span> <span class='ocrx_word' id='word_1_158' title='bbox 1463 4458 1652 4594; x_wconf 84' lang='lat' dir='ltr'><strong>guttis:</strong></span> <span class='ocrx_word' id='word_1_159' title='bbox 1679 4486 1681 4491; x_wconf 81' lang='grc'><strong><em>·</em></strong></span> 
     </span>
     <span class='ocr_line' id='line_1_24' title="bbox 408 4631 1903 4777; baseline -0.003 -40"><span class='ocrx_word' id='word_1_160' title='bbox 408 4631 491 4737; x_wconf 89' lang='lat' dir='ltr'><strong>Ex</strong></span> <span class='ocrx_word' id='word_1_161' title='bbox 516 4638 729 4777; x_wconf 84' lang='lat' dir='ltr'><strong>aurique</strong></span> <span class='ocrx_word' id='word_1_162' title='bbox 753 4636 1067 4775; x_wconf 79' lang='lat' dir='ltr'><strong>putatrnicis</strong></span> <span class='ocrx_word' id='word_1_163' title='bbox 1092 4633 1362 4737; x_wconf 83' lang='lat' dir='ltr'><strong>consistere</strong></span> <span class='ocrx_word' id='word_1_164' title='bbox 1386 4659 1534 4772; x_wconf 89' lang='lat' dir='ltr'><strong>posse</strong></span> <span class='ocrx_word' id='word_1_165' title='bbox 1564 4656 1567 4662; x_wconf 83' lang='grc'><strong>’</strong></span> <span class='ocrx_word' id='word_1_166' title='bbox 1899 4771 1903 4776; x_wconf 8' lang='grc' dir='ltr'>ἱ</span> 
     </span>
     <span class='ocr_line' id='line_1_25' title="bbox 406 4808 1859 4946; baseline 0.001 -37"><span class='ocrx_word' id='word_1_167' title='bbox 406 4809 635 4937; x_wconf 85' lang='lat' dir='ltr'><strong>Aurnm3</strong></span> <span class='ocrx_word' id='word_1_168' title='bbox 673 4833 726 4917; x_wconf 86' lang='lat' dir='ltr'><strong>et</strong></span> <span class='ocrx_word' id='word_1_169' title='bbox 750 4813 985 4914; x_wconf 68' lang='lat' dir='ltr'><strong>decenis</strong></span> <span class='ocrx_word' id='word_1_170' title='bbox 1007 4834 1196 4913; x_wconf 81' lang='lat' dir='ltr'><strong>’oerram</strong></span> <span class='ocrx_word' id='word_1_171' title='bbox 1219 4830 1539 4912; x_wconf 85' lang='lat' dir='ltr'><strong>concrescere</strong></span> <span class='ocrx_word' id='word_1_172' title='bbox 1562 4808 1788 4946; x_wconf 75' lang='lat' dir='ltr'><strong>pariis3&#39;</strong></span> <span class='ocrx_word' id='word_1_173' title='bbox 1858 4936 1859 4940; x_wconf 4' lang='grc' dir='ltr'><strong><em>Ν</em></strong></span> 
     </span>
     <span class='ocr_line' id='line_1_26' title="bbox 407 4974 1854 5128; baseline 0.001 -43"><span class='ocrx_word' id='word_1_174' title='bbox 407 4983 622 5126; x_wconf 85' lang='lat' dir='ltr'><strong>Ignibus</strong></span> <span class='ocrx_word' id='word_1_175' title='bbox 647 5025 712 5088; x_wconf 85' lang='lat' dir='ltr'><strong>ex</strong></span> <span class='ocrx_word' id='word_1_176' title='bbox 736 4991 938 5128; x_wconf 85' lang='lat' dir='ltr'><strong>ignem3</strong></span> <span class='ocrx_word' id='word_1_177' title='bbox 965 4986 1231 5091; x_wconf 88' lang='lat' dir='ltr'><strong>humorem</strong></span> <span class='ocrx_word' id='word_1_178' title='bbox 1256 5022 1322 5083; x_wconf 88' lang='lat' dir='ltr'><strong>ex</strong></span> <span class='ocrx_word' id='word_1_179' title='bbox 1338 4974 1656 5087; x_wconf 83' lang='lat' dir='ltr'><strong>humoribus·</strong></span> <span class='ocrx_word' id='word_1_180' title='bbox 1672 4998 1780 5087; x_wconf 79' lang='lat' dir='ltr'><strong>esse</strong></span> <span class='ocrx_word' id='word_1_181' title='bbox 1798 5024 1816 5087; x_wconf 76' lang='grc' dir='ltr'><strong>τ·</strong></span> <span class='ocrx_word' id='word_1_182' title='bbox 1842 4999 1854 5027; x_wconf 79' lang='grc'><em>”</em></span> 
     </span>
    </p>
   </div>
   <div class='ocr_carea' id='block_1_3' title="bbox 408 5159 1847 5390">
    <p class='ocr_par' dir='ltr' id='par_1_3' title="bbox 408 5159 1847 5390">
     <span class='ocr_line' id='line_1_27' title="bbox 408 5159 1847 5305; baseline -0.01 -41"><span class='ocrx_word' id='word_1_183' title='bbox 408 5159 611 5264; x_wconf 82' lang='lat' dir='ltr'><strong>Caetera</strong></span> <span class='ocrx_word' id='word_1_184' title='bbox 630 5161 1055 5305; x_wconf 81' lang='lat' dir='ltr'><strong>consimilifingit</strong></span> <span class='ocrx_word' id='word_1_185' title='bbox 1067 5160 1279 5282; x_wconf 80' lang='lat' dir='ltr'><strong>ratione,</strong></span> <span class='ocrx_word' id='word_1_186' title='bbox 1305 5159 1577 5299; x_wconf 79' lang='lat' dir='ltr'><strong>putatque.</strong></span> <span class='ocrx_word' id='word_1_187' title='bbox 1671 5197 1717 5249; x_wconf 83' lang='grc'><strong>·»</strong></span> <span class='ocrx_word' id='word_1_188' title='bbox 1755 5160 1779 5250; x_wconf 80' lang='lat'><strong>.³</strong></span> <span class='ocrx_word' id='word_1_189' title='bbox 1840 5202 1847 5217; x_wconf 90' lang='lat'><strong>·</strong></span> 
     </span>
     <span class='ocr_line' id='line_1_28' title="bbox 1149 5341 1195 5390; baseline -0.022 0"><span class='ocrx_word' id='word_1_190' title='bbox 1149 5341 1195 5390; x_wconf 67' lang='lat'><strong>12</strong></span> 
     </span>
    </p>
   </div>
   <div class='ocr_carea' id='block_1_4' title="bbox 0 0 2307 6112">
    <p class='ocr_par' dir='ltr' id='par_1_4' title="bbox 0 0 2307 6112">
     <span class='ocr_line' id='line_1_29' title="bbox 0 0 2307 6112; baseline 0 0"><span class='ocrx_word' id='word_1_191' title='bbox 0 0 2307 6112; x_wconf 95' lang='lat' dir='ltr'><strong> </strong></span> 
     </span>
    </p>
   </div>
  </div>
 </body>
</html>
