4598 6112
398 513 501 606 em
725 513 1289 606 r.nucnuru
1356 512 1569 603 cunr
1698 641 1702 649 ι

400 767 1701 913 (Quandoquidem,quoscunqueinterriscernimus
1718 772 1897 910 igneis,

402 947 545 1050 Dum
570 971 760 1049 tremor
785 972 860 1049 est
886 950 1065 1068 clarus
1093 947 1214 1046 dum
1241 947 1465 1046 cernitur
1489 945 1639 1044 ardor
1664 983 1854 1064 eorum,
1981 972 1985 976 ’

399 1120 712 1261 Perparvnrn
741 1123 986 1261 quiddam
1012 1105 1275 1221 interdum
1295 1141 1489 1218 mutare
1515 1119 1753 1220 videntur

400 1299 713 1399 Alterutrum
743 1300 801 1396 in
819 1320 1015 1435 partem
1042 1297 1203 1412 filum,
1233 1332 1388 1431 quom
1415 1293 1617 1430 longius
1643 1292 1874 1424 absint‚)'

404 1473 542 1576 Scire
571 1476 703 1595 iicet,
730 1513 976 1613 perquam
1005 1470 1232 1611 pauxillo
1261 1458 1404 1604 posse
1430 1466 1649 1611 minores

402 1645 541 1769 Esse,
570 1651 647 1750 vei
675 1650 861 1788 exigua
887 1648 1097 1786 majores
1124 1667 1282 1783 parte,
1304 1640 1564 1778 brevique.

474 1820 611 1923 Illud
639 1823 758 1922 item
787 1861 887 1921 non
916 1844 989 1921 est
1017 1818 1320 1937 mirandum,
1348 1854 1451 1959 qua
1476 1816 1669 1915 ratione
1809 1956 1812 1961 .

399 1991 651 2097 Tantalus
677 1996 761 2094 ille
789 2018 944 2133 queat
968 2019 1164 2095 tuntum
1193 1991 1266 2091 sol
1292 1993 1490 2090 mittere
1516 1993 1706 2114 lumen,

403 2165 557 2287 Quod
586 2171 737 2268 maria
766 2208 821 2268 ac
847 2193 1006 2268 terras
1033 2168 1223 2267 omneis
1249 2165 1536 2306 coelumque
1564 2173 1779 2306 rigando

403 2341 687 2480 Compleat,
709 2367 759 2443 et
785 2343 947 2444 calido
973 2342 1248 2480 pertundet
1271 2368 1453 2444 cuncta
1477 2385 1678 2484 vapore.
1815 2388 1823 2401 ·

402 2512 539 2657 Nam
570 2519 684 2618 iicet
710 2517 828 2619 hinc
854 2520 1033 2620 mundi
1059 2520 1368 2656 patefactum
1394 2528 1548 2626 totius
1575 2569 1735 2633 unum

404 2692 720 2833 Largissunm
749 2697 937 2811 fontem
965 2716 1170 2813 scatere,
1193 2718 1348 2836 atque
1374 2737 1642 2847 erumpere
1667 2707 1841 2811 lumen

403 2867 482 2968 Ex
510 2873 643 2970 omni
673 2871 880 2989 mundo,
909 2907 1011 3006 quo
1039 2868 1107 2968 sic
1133 2870 1383 2973 elementa
1408 2879 1608 3013 vaporis

359 3186 363 3195 Ι
401 3041 649 3184 Undique
675 3045 997 3162 conveniunt,
1014 3066 1076 3144 et
1101 3045 1169 3146 sic
1197 3045 1454 3183 conjectus
1480 3087 1651 3153 eorum

404 3219 650 3341 Confluit,
678 3262 740 3321 ex
767 3186 869 3322 uiro
895 3192 1059 3356 capite
1085 3216 1167 3357 h'ic
1192 3242 1251 3319 ut
1275 3224 1498 3357 profluat
1524 3227 1689 3332 ardor.

405 3395 594 3497 Nonne
619 3397 759 3496 vides
786 3397 953 3515 etiarn,
982 3432 1138 3535 quam
1163 3394 1263 3494 late
1290 3434 1473 3532 parvus
1501 3410 1655 3538 aquei

403 3564 556 3675 Prata
580 3554 712 3705 riget
735 3570 848 3670 fons
873 3569 1147 3688 interdum,
1175 3573 1468 3711 campisque
1495 3576 1779 3681 redundet?
1800 3541 1802 3544 ⁵

405 3742 499 3887 Est
523 3745 671 3843 etiam
692 3718 924 3883 quoque,
953 3742 1028 3842 uti
1055 3780 1157 3885 non
1185 3781 1368 3880 niagno
1396 3744 1511 3846 solis
1537 3749 1601 3847 ab
1628 3752 1734 3888 igni

379 3917 539 4018 Aera
564 3920 812 4057 percipiat
836 3917 1011 4018 calidis
1036 3916 1316 4017 fervoribus
1343 3920 1508 4041 ardor,

407 4092 746 4230 Opportunus
772 4094 843 4191 ita
867 4111 943 4190 est
967 4092 1007 4191 si
1017 4089 1178 4210 torte,
1207 4114 1259 4190 ct
1281 4091 1494 4194 idoneus
1519 4099 1622 4218 aer,

405 4263 482 4369 Ut
508 4289 662 4402 queat
687 4266 892 4365 accendi
918 4268 1086 4403 parvis
1111 4266 1376 4368 ardoribus
1402 4270 1560 4392 ictus3

408 4440 560 4565 Quod
590 4480 751 4581 genus
776 4440 1033 4543 interdurn
1061 4465 1254 4578 segetes
1281 4443 1624 4582 stipulamque
1649 4447 1879 4550 videmus

404 4620 652 4756 Accipere
678 4656 740 4717 ex
768 4576 1110 4717 una'seintilta
1137 4616 1369 4716 incendia
1395 4620 1608 4753 passim:
1655 4718 1671 4745 ‚

406 4791 635 4894 Forsitan
664 4815 881 4892 etrusca
907 4795 978 4892 sol
1006 4794 1105 4892 alte
1131 4792 1364 4929 lampade
1391 4792 1565 4891 lucens
1680 4851 1683 4855 ·

408 4966 670 5067 Possideat
694 4967 912 5066 multum
940 4970 1084 5069 caecis
1108 4965 1388 5067 fervoribus
1414 4967 1585 5103 ignem

368 5086 388 5127 i
409 5141 616 5245 Circum
643 5180 710 5262 se,
738 5141 878 5242 nullo
906 5142 997 5281 qui
1024 5143 1086 5243 sit
1103 5142 1304 5278 fulgore
1322 5162 1543 5261 notatus,
