4598 6112
806 443 1080 608 iruna
1144 519 1500 610 Parmos
1833 520 1893 614 15
1979 643 1982 647 ³

410 768 523 872 Nec
550 769 737 872 calidos
763 794 915 872 aestus
939 776 1149 895 tuimur,
1177 816 1271 876 neo
1289 776 1480 914 frigora
1505 780 1710 916 quimus

407 943 671 1083 Usurpare
697 947 872 1065 oculis,
900 986 992 1048 neo
1011 987 1155 1049 voces
1181 988 1385 1050 cernere
1412 988 1648 1074 suemus3

409 1120 542 1243 Quae
567 1144 736 1222 tamen
764 1124 938 1223 omnia·
958 1162 1199 1261 corporea
1222 1149 1449 1225 constare
1474 1163 1675 1227 necesse
1701 1153 1777 1230 est

408 1292 641 1397 Natura:
681 1296 926 1434 'quoniam
953 1334 1126 1396 sensus
1145 1296 1406 1434 impellere
1432 1325 1659 1437 possunt.

403 1470 638 1611 Tangere
664 1473 800 1572 enim
826 1494 877 1571 et
901 1473 1068 1610 tangi,¹
1087 1473 1183 1572 nisi
1210 1512 1408 1611 corpus
1436 1476 1579 1575 nulla
1602 1500 1771 1614 potest
1794 1520 1888 1585 res,

466 1646 726 1787 Denique,
751 1647 1042 1785 fluctifrago
1068 1685 1323 1784 suspensae
1349 1651 1402 1751 in
1428 1652 1594 1752 littore
1618 1679 1780 1758 vestes

404 1821 692 1941 Uvescunt,
712 1820 911 1920 eaedem
932 1819 1182 1957 dispansae
1208 1824 1266 1922 in
1286 1825 1390 1925 sole
1409 1850 1668 1957 serescunt
1687 1870 1703 1953 3

402 1993 475 2096 At
497 2034 683 2136 neque,
712 2032 817 2134 quo
842 2016 991 2131 pacto
1016 1984 1297 2131 persederit
1320 1996 1506 2101 humor
1530 2011 1684 2142 aquai

402 2166 535 2272 Visu
561 2191 661 2289 est,
679 2194 772 2269 neo
798 2204 1007 2269 rursum
1029 2205 1142 2307 quo·
1157 2193 1311 2307 paeto
1332 2166 1522 2311 fugerit
1548 2201 1675 2279 aestu
1695 2221 1709 2303 ;

403 2343 465 2446 In
490 2308 671 2482 parvas
696 2343 856 2480 igitur
879 2342 1075 2479 parteis·
1094 2341 1408 2483 dispergitur
1430 2347 1641 2473 liumor,

404 2517 547 2640 Quas
572 2517 709 2619 oculi
732 2517 876 2616 nulla
897 2537 1112 2654 possunt
1136 2518 1331 2619 ratione
1347 2521 1544 2626 videre..

472 2691 794 2814 Quinetiam
819 2691 992 2791 multis
1020 2689 1148 2790 Solis
1174 2692 1505 2799 redeuntibus
1525 2704 1671 2805 annis

400 2868 646 2970 Annulus·
663 2869 722 2967 in·
744 2868 909 3005 digito:
931 2865 1348 2970 subtectanuatur
1373 2870 1609 2978 habendo
1628 2919 1645 2979 z.

402 3043 803 3145 Stillieidlcasus
828 3040 1052 3179 lapidem
1077 3063 1251 3141 cavat:
1291 3082 1452 3147 uncus
1477 3051 1634 3150 aratri

399 3217 621 3321 Ferreus·
638 3218 841 3318 occulte·
860 3216 1103 3316 decrescit
1126 3254 1299 3318 vomer
1322 3220 1374 3319 in
1400 3224 1559 3323 arvis:

400 3397 672 3534 Strataque
690 3393 802 3531 jarn-
822 3392 964 3528 volgi
982 3390 1202 3528 pedibus
1227 3391 1411 3492 detrita
1437 3397 1634 3498 viarum-

399 3570 562 3672 Saxea
587 3568 962 3704 conspicimus:
1002 3587 1113 3665 tum
1138 3588 1310 3704 portas
1334 3591 1547 3706 propter
1571 3571 1739 3714 ahena

396 3743 555 3883 Signa
579 3779 758 3842 man-us
784 3740 987 3842 dextras
1012 3742 1288 3868 ostendunt
1312 3745 1568 3844 attenuari·

396 3916 551 4055 Saepe
571 3918 887 4016 salutantum
905 3938 1067 4035 tactu,
1088 3937 1387 4054 praeterque·
1404 3941 1661 4023 meantum
1684 3963 1704 4026 t

395 4090 524 4193 Haeo
549 4091 708 4227 igitur
732 4089 917 4207 minui,
937 4125 1055 4189 eum
1080 4089 1184 4188 sint
1206 4087 1414 4209 detrita,
1428 4091 1658 4197 uidemus
1677 4140 1695 4221 ;

396 4262 497 4364 Sed
525 4300 642 4400 quae
668 4298 884 4398 corpora
906 4260 1156 4361 decedant
1179 4262 1233 4360 in
1257 4283 1496 4398 tempore
1514 4300 1747 4410 quoqne,

395 4434 579 4537 Invida
600 4436 862 4573 praeclusit
884 4435 1103 4572 speciem
1128 4456 1316 4534 natura·
1332 4435 1588 4541 videndi..-

466 4608 748 4730 Postremo,
771 4647 1097 4749 quaecunque
1124 4610 1231 4710 dies
1256 4633 1543 4750 naturaque
1566 4616 1724 4724 rebus·
1888 4634 1894 4647 '

394 4785 667 4889 Paullatim
685 4783 885 4904 tribuit,
911 4780 1213 4882 moderatim
1228 4821 1449 4885 erescere
1468 4826 1677 4927 cogens,

395 4960 559 5064 Nulla
583 4982 750 5098 potest
772 4960 1042 5061 oculorum
1062 4957 1191 5059 acies
1216 4981 1454 5061 contenta
1478 4968 1609 5066 tueri
1630 5007 1644 5091 3

394 5136 509 5241 Neo
533 5174 686 5279 porro
712 5171 1037 5278 quaecunque
1062 5172 1170 5240 aevo
1193 5137 1465 5282 macieque
1480 5169 1788 5253 senescunt:
