4598 6112
404 483 513 593 ara
744 483 829 591 n·
871 456 1302 579 Lucunrrr
1366 486 1577 579 cunr

413 743 641 847 Rarescit
667 743 790 883 quia
814 763 949 842 terra
973 741 1153 864 calore,
1181 767 1232 845 et
1257 749 1448 848 semina
1474 750 1623 889 siqua

415 919 566 1022 Forte
591 917 791 1056 vaporis
817 915 985 1028 babet,
1011 953 1226 1055 propere
1254 920 1465 1049 dimittit
1489 926 1540 1024 in
1569 962 1728 1025 auras,

416 1095 535 1216 Quo
562 1095 720 1231 magis
746 1114 822 1192 est
847 1093 1004 1230 igitur
1028 1092 1178 1194 tellus
1205 1093 1403 1198 adfecta
1429 1100 1608 1220 calore,

416 1269 530 1371 Hoc
558 1271 615 1370 fit
640 1268 887 1407 frigidior,
916 1269 1006 1405 qui
1032 1269 1084 1366 in
1110 1239 1246 1375 terra
1271 1293 1347 1370 est
1372 1272 1591 1395 abditus,
1619 1273 1816 1376 humor.
1866 1287 1893 1350 ’-

414 1444 623 1583 Frigore
638 1457 805 1582 quom
831 1443 1081 1578 premitur
1106 1479 1259 1579 porro
1284 1448 1446 1548 omnis
1471 1472 1621 1570 terra,
1649 1452 1875 1592 coitque,⁴

416 1620 485 1722 Et
512 1621 655 1760 quasi
681 1619 984 1742 concrescit3
1021 1616 1081 1718 fit
1107 1618 1310 1738 scilicet,
1337 1643 1395 1721 ut
1420 1622 1649 1723 coeundo

415 1794 684 1934 Exprimat
709 1795 757 1892 in
789 1814 984 1930 puteos,
1006 1792 1046 1890 si
1073 1829 1228 1929 quem
1253 1795 1385 1932 gerit
1410 1798 1534 1933 ipsa,
1556 1799 1790 1907 calorem.

333 1944 338 1953 ι
485 1969 608 2071 Esse
634 1968 773 2107 apud
799 1968 1061 2068 Ammonis
1087 1967 1261 2069 fanum
1288 1968 1400 2072 fons
1424 1972 1536 2073 luce
1564 1971 1747 2078 diurna

415 2143 666 2285 Frigidus
695 2167 745 2245 at
770 2143 963 2245 calidus
989 2166 1237 2244 nocturno
1263 2167 1489 2284 ternpore
1515 2149 1705 2254 fertur:

415 2325 570 2427 Hunc
598 2325 825 2425 homines
849 2323 1042 2425 fontem
1068 2323 1216 2424 nimis
1241 2320 1573 2442 admirantur,
1601 2329 1778 2427 etacri

414 2501 530 2601 Sole
556 2522 740 2639 putant
765 2498 938 2600 subter
963 2522 1120 2599 terras
1145 2499 1420 2600 fervescere
1445 2499 1647 2635 raptim,

193 2679 197 2687 ’
328 2691 332 2698 ’
414 2673 537 2776 Nox
565 2674 651 2775 ubi
678 2672 891 2774 terribili
917 2699 1074 2777 terras
1100 2679 1315 2815 caligine
1341 2675 1498 2798 texit3

415 2853 566 2975 Quod
598 2853 744 2953 nimis
771 2891 800 2953 a
823 2891 941 2953 vcra
966 2873 1044 2950 est
1069 2852 1220 2990 longe
1246 2851 1439 2950 ratione
1465 2862 1713 2951 remotum
1735 2891 1745 2951 :
1873 2876 1876 2883 '

414 3025 623 3166 Quippe
646 3025 732 3127 ubi
758 3026 831 3126 sol
849 2997 1052 3126 'nudum
1079 3048 1399 3127 contrectans
1424 3063 1607 3172 corpus
1633 3037 1799 3165 aquai,

384 3239 387 3244 ·
413 3201 535 3305 Non
563 3203 751 3342 quierit
776 3201 995 3304 calidum
1021 3237 1203 3337 supera
1229 3199 1292 3298 de
1318 3200 1530 3301 reddere
1555 3225 1716 3339 parte,

415 3374 586 3496 Quom
614 3413 855 3511 superum
881 3376 1055 3474 lumen
1082 3395 1223 3473 tanto
1248 3374 1441 3476 fervore
1468 3374 1695 3477 fruatur:

415 3548 518 3670 Qut
545 3550 702 3689 queat
727 3547 825 3669 bic,
854 3546 1029 3648 subter
1053 3570 1155 3647 tarn
1184 3562 1346 3649 crasso
1372 3587 1581 3687 corpore
1608 3573 1810 3671 terram,

412 3721 729 3862 Percoquere
757 3722 1037 3842 humorem,
1064 3744 1117 3823 et
1142 3721 1304 3822 calido
1331 3725 1516 3822 sociare
1542 3727 1747 3861 vapori?

412 3896 703 4035 Praesertirn
731 3934 887 4035 quom
914 3897 998 3997 vix
1024 3898 1181 4033 possit
1205 3934 1298 4035 per
1322 3919 1465 4035 septa
1484 3897 1749 3999 domorum

414 4071 678 4174 Insinuare
703 4109 849 4172 suurn
877 4070 1030 4172 radiis
1056 4069 1352 4170 ardentibus
1378 4074 1591 4171 aestum?

484 4247 617 4369 Quae
643 4236 771 4350 ratio
798 4270 873 4349 est
898 4248 1088 4386 igitur?
1126 4244 1365 4346 nimirum
1385 4267 1519 4346 terra
1543 4249 1703 4385 magis
1730 4248 1870 4387 quod

411 4425 547 4528 Rara
571 4445 711 4527 tenet
736 4425 924 4525 circum
949 4420 1085 4525 hunc
1110 4422 1304 4522 fontem
1324 4460 1480 4560 quarn
1500 4426 1886 4550 caeteratellus3

411 4603 687 4740 Multaque
713 4621 833 4699 sunt
856 4599 989 4736 ignis
1015 4608 1174 4735 prope
1201 4597 1391 4699 semina
1416 4630 1598 4735 corpus
1623 4609 1791 4738 aquai.

410 4781 550 4884 Hinc
576 4775 674 4878 ubi
692 4774 912 4876 roriferis
938 4759 1121 4874 terram
1149 4811 1251 4874 nox
1276 4770 1448 4874 obruit
1471 4773 1680 4897 umbris,

409 4955 686 5096 Extemplo
713 4951 890 5053 subtus
917 4950 1142 5091 frigescit
1166 4972 1315 5069 terra,
1342 4948 1562 5088 coitque.

408 5139 523 5245 Hac
551 5134 743 5236 ratione
768 5130 843 5254 'fin
871 5152 946 5252 ut,
967 5151 1220 5268 tanquam
1248 5163 1530 5265 compressa
1554 5127 1814 5248 manu-sit,
