4620 6106
369 439 471 581 aaa
646 438 751 532 r.
820 381 1256 536 nuenarir
1323 446 1537 539 cunr

370 698 688 802 Prossuvium
711 740 863 840 porro
890 703 981 843 qui
1005 706 1124 809 tetri
1149 707 1410 847 sanguinis
1436 745 1548 808 acre

371 872 596 1018 Exierat,
624 900 793 979 tamen
819 880 871 980 in
899 918 1077 982 nervos
1101 880 1221 983 huic
1247 879 1455 983 morbus
1480 905 1533 984 et
1556 905 1695 985 artus

371 1047 505 1173 Ibat,
532 1075 583 1154 et
608 1055 660 1153 in
685 1056 873 1192 parteis
899 1056 1164 1195 genitaleis
1189 1055 1414 1193 corporis
1439 1054 1603 1192 ipsas3
1671 1052 1685 1083 ”

372 1221 442 1325 Et
466 1228 688 1364 graviter
710 1229 896 1365 partim
922 1201 1203 1330 metuentes
1227 1230 1404 1330 limina
1426 1227 1551 1329 lethi

370 1397 628 1503 Viuebant
650 1401 784 1504 ferro
809 1403 991 1541 privati
1016 1427 1161 1542 parte
1180 1405 1343 1508 virili:

344 1571 443 1716 ‘Et
468 1574 702 1678 manibus
728 1579 835 1679 sine
860 1580 1093 1680 nonnulli
1118 1578 1446 1721 pedibusque
1473 1577 1752 1683 manebant

373 1744 433 1848 In
461 1751 564 1850 vita
588 1773 776 1873 tamen,
803 1777 854 1855 et
878 1753 1163 1893 perdebant
1186 1756 1382 1857 lumina
1404 1756 1623 1894 partim:

373 1920 554 2064 Usque
581 1926 707 2027 adeo
733 1929 910 2030 mortis
934 1954 1097 2032 metus
1123 1929 1201 2032 his
1226 1932 1507 2033 incusserat
1531 1972 1659 2037 acer.
1729 1991 1733 1999 ·

372 2096 547 2236 Atque
574 2103 725 2202 etiarn
752 2103 999 2241 quosdam
1025 2141 1204 2242 cepere
1230 2103 1415 2208 oblivia
1441 2146 1611 2208 rerum

56 2334 59 2340 ,
206 2348 208 2353 -
376 2269 708 2398 Cunctarum,
736 2316 905 2418 neque
932 2316 984 2379 se
1008 2302 1216 2417 possent
1240 2258 1541 2420 cognoscere
1568 2307 1626 2385 ut
1651 2285 1762 2422 ipsi.

444 2448 720 2592 Multaque
747 2451 889 2554 humi
928 2493 1084 2594 quom
1120 2452 1385 2557 inhumata
1406 2458 1637 2597 jacerent
1660 2498 1871 2598 corpora
1948 2512 1952 2518 ·

583 2667 737 2766 supra

377 2802 705 2943 Corporibus,
733 2828 901 2906 tamen
930 2809 1145 2910 alituum
1172 2844 1335 2945 genus
1361 2828 1517 2945 atque
1544 2805 1766 2907 ferarum

372 2977 482 3080 Aut
508 2982 684 3118 procul
711 2979 992 3102 absiliebat‚
1015 3005 1073 3083 ut
1097 3020 1263 3082 acrem
1288 2982 1453 3083 exiret
1476 2980 1715 3105 odorem3
1813 3086 1820 3095 ,

373 3153 496 3267 Aut,
523 3155 612 3255 ubi
638 3160 881 3294 gustbrat,
908 3157 1190 3294 languebat
1216 3178 1377 3254 morte
1401 3140 1709 3293 propinqua.

376 3323 427 3427 N
435 3366 491 3429 ec
516 3350 685 3429 tamen
712 3331 918 3430 omnino
944 3351 1131 3428 temere
1156 3328 1256 3428 illis
1283 3326 1472 3427 solibus
1501 3328 1604 3428 ulla

379 3501 721 3641 Comparebat
745 3506 863 3626 avis,
891 3544 984 3605 nec
1010 3503 1244 3605 noctibus
1270 3502 1418 3602 saecla
1441 3500 1663 3603 ferarum

376 3675 604 3779 Exibunt
629 3680 781 3817 sylvis
799 3721 829 3803 ;Ι
851 3678 1167 3818 languebant
1191 3675 1437 3814 pleraque
1463 3675 1641 3777 morbo

378 3853 447 3955 Et
472 3853 847 3956 moriebantur:
888 3893 1045 3993 quom
1072 3857 1248 3994 primis
1272 3855 1376 3955 fida
1401 3892 1581 3956 canum
1609 3855 1683 3955 vis

379 4029 547 4131 Strata
571 4033 663 4131 viis
690 4032 906 4132 animam
932 4030 1158 4169 ponebat
1183 4034 1233 4132 in
1261 4027 1498 4130 omnibus
1524 4066 1743 4166 aegram3
1778 4042 1785 4055 '

378 4204 736 4345 Extorquebat
760 4209 894 4307 enim
919 4207 1074 4308 vitam
1098 4208 1172 4307 vis
1199 4203 1431 4306 morbida
1456 4200 1710 4305 membris.

378 4376 679 4481 Inoomitata
704 4384 814 4518 rapi
840 4381 1098 4483 certabant
1124 4381 1306 4481 funera
1329 4400 1495 4480 vasta:

380 4555 494 4660 Nec
519 4560 647 4659 ratio
673 4556 863 4658 remedi
890 4557 1169 4659 communis
1194 4576 1330 4655 certa
1355 4551 1588 4653 dabatur.

379 4731 515 4836 Nam
546 4733 687 4874 quod
712 4735 802 4834 alls
828 4733 1039 4833 dederat
1061 4732 1255 4835 vitaleis
1281 4729 1409 4830 aeris
1435 4766 1582 4829 auras

380 4907 595 5011 Volvere
620 4912 674 5011 in
700 4948 784 5010 ore
809 4911 978 5030 licere,
1006 4931 1059 5009 et
1083 4907 1192 5008 coeli
1218 4905 1410 5043 templa
1433 4905 1580 5024 tueri,

379 5084 494 5199 Hoc
520 5086 627 5189 aliis
652 5109 760 5187 erat
784 5085 955 5207 exitio,
981 5082 1282 5223 lethumque
1309 5077 1536 5220 parabat.
