4598 6112
447 445 514 607 re
762 514 1325 614 r.nucaern
1393 512 1691 607 enar.

519 750 866 893 Quapropter,
894 753 984 891 qui
1011 753 1270 854 materiem
1295 791 1466 853 rerum
1492 790 1599 853 esse
1624 752 1877 890 putbrunt

447 927 645 1070 Ignem,
673 953 828 1066 atque
853 968 917 1030 ex
941 929 1051 1066 igni
1077 965 1326 1029 summam
1351 928 1622 1029 consistere
1648 929 1770 1049 solo,

360 1140 368 1153 ’
447 1100 768 1244 Magnopere
794 1143 823 1204 a
845 1142 967 1206 vera
990 1103 1118 1242 lapsi
1144 1102 1339 1203 ratione
1364 1102 1617 1205 videntur.

448 1276 739 1382 Heraclitus
763 1279 861 1380 init
886 1285 1105 1417 quorum
1130 1277 1240 1377 dux
1263 1276 1443 1415 praelia
1467 1279 1679 1415 primus,

449 1452 630 1558 Clarus
654 1454 722 1557 ob
748 1455 1012 1556 obscuram
1039 1454 1269 1592 linguam
1292 1453 1455 1590 magis
1479 1454 1614 1554 iuter
1638 1455 1848 1576 inaneis,

449 1629 685 1752 Quamde
711 1631 907 1771 graveis
933 1631 1067 1729 inter
1093 1624 1292 1744 Graios,
1321 1627 1412 1764 qui
1437 1664 1555 1743 vera
1580 1630 1873 1767 requirunt.

449 1806 640 1909 Omnia
666 1808 799 1924 enim
827 1804 998 1907 stolidi
1023 1803 1185 1942 magis
1210 1801 1528 1904 admirantur
1544 1815 1831 1943 amantque

321 2015 325 2022 ·
447 1979 668 2083 lnversis
694 2020 813 2121 quae
836 1978 936 2119 sub
954 1978 1122 2082 verbis
1148 1978 1400 2080 latitantia
1423 2001 1662 2103 cernunt3

445 2154 686 2298 Veraque
711 2159 1045 2289 constituunt,
1075 2194 1191 2295 quae
1209 2154 1351 2285 'belle
1376 2177 1586 2291 tangere
1613 2179 1828 2295 possunt

443 2331 645 2456 Aureis,
673 2359 725 2437 et
749 2334 924 2473 lepido
949 2372 1068 2473 quae
1093 2355 1213 2432 sunt
1237 2330 1407 2431 fucata
1431 2366 1632 2434 sonore.

518 2510 657 2614 Nam
685 2534 905 2613 curtam
929 2510 1082 2611 variae
1109 2546 1188 2608 res
1215 2523 1420 2646 possent
1445 2541 1570 2626 esse,
1597 2510 1820 2649 requiro,

446 2683 530 2789 Ex
555 2713 659 2789 unu
685 2689 726 2788 si
753 2710 873 2788 su'nt
895 2684 1020 2825 igni,
1046 2721 1284 2823 puroque
1304 2691 1503 2783 ereatae.
1618 2776 1622 2795 ,

446 2857 541 2964 Nil
566 2863 830 3001 prodesset
853 2860 987 2961 enim
1014 2841 1233 2962 calidum
1260 2860 1518 2963 denserier
1542 2861 1730 3000 ignem,

447 3036 562 3143 Nee
587 3041 826 3161 rarefieri,
853 3040 894 3141 si
920 3060 1091 3176 partes
1116 3037 1249 3175 ignis
1275 3039 1491 3140 eandem

447 3214 718 3336 Naturam,
747 3256 899 3356 quam
925 3237 1065 3315 totus
1089 3210 1245 3313 habet
1269 3252 1422 3352 super
1447 3216 1596 3352 ignis,
1625 3214 1843 3319 habere:
1889 3260 1900 3277 ’

445 3390 627 3495 Acrior
651 3393 803 3494 ardor
826 3391 963 3492 enim
988 3387 1251 3489 conductis
1276 3387 1510 3526 partibus
1533 3413 1694 3516 esset3

448 3565 767 3708 Languidior
791 3604 942 3705 porro
968 3563 1205 3701 disjectis,
1234 3562 1414 3703 disque
1439 3572 1647 3708 supatis.

447 3745 685 3884 Amplius
708 3743 805 3847 hoc
830 3742 941 3844 fieri
966 3737 1093 3841 nihil
1120 3760 1212 3858 est,
1240 3740 1380 3876 quod
1407 3781 1553 3881 posse
1578 3750 1733 3887 rearis

446 3918 658 4021 Talibus
682 3921 735 4020 in
762 3917 924 4020 causis
940 3910 968 4039 3²
980 3912 1169 4014 nedum
1195 3915 1442 4019 variantia
1465 3957 1633 4024 rerum

447 4094 616 4198 Tanta
639 4117 795 4235 queat
818 4090 988 4193 densis
1012 4090 1241 4231 rarisque
1265 4128 1331 4191 ex
1356 4091 1563 4232 ignibus
1587 4139 1710 4204 esse.

447 4270 623 4411 Atque
648 4268 702 4369 hi
727 4271 769 4370 si
792 4267 996 4391 faciant,
1024 4269 1298 4370 admistum
1322 4270 1476 4374 rebus
1501 4275 1668 4398 inane,

449 4441 668 4548 Denseri
694 4448 937 4581 poterunt
960 4443 1121 4580 ignes,
1144 4443 1353 4582 rarique
1379 4445 1631 4585 relinqui:

449 4619 569 4740 Sed,
597 4620 720 4758 quia
742 4617 905 4718 multa
927 4618 1024 4720 sibi
1049 4641 1266 4720 cernunt
1289 4623 1559 4746 contraria,
1578 4653 1826 4750 mussant,

451 4791 521 4896 Et
545 4795 769 4932 fugitant
793 4794 845 4893 in
866 4790 1026 4896 ⁴rebus
1051 4795 1200 4921 inane
1226 4796 1516 4937 relinquere
1539 4836 1746 4938 purum,
1774 4828 1842 4928 et,
1924 4888 1935 4900 ,

448 4969 629 5071 Ardua
653 4968 776 5070 dum
800 4991 1053 5096 metuunt,
1079 4959 1325 5071 amittunt
1348 4974 1619 5101 veraviai:
1655 4974 1659 4982 ’
