4598 6112
758 511 1033 603 LIBER
1096 506 1492 600 TERTIUS.
1773 504 1866 600 131
1959 492 1968 506 ’

376 767 501 872 Non
526 773 706 872 merito
731 772 970 872 inclamet
994 768 1172 907 magis,
1200 790 1252 868 et
1275 806 1394 869 voce
1420 768 1649 904 increpet
1667 768 1801 866 acri?

371 942 535 1044 Aufer
559 944 768 1070 abhinc
793 947 1055 1082 lacrymas,
1086 942 1348 1062 Barathre,
1388 967 1441 1044 et
1461 960 1721 1080 compesce
1748 983 1871 1082 que·
2028 1075 2030 1079 ι

512 1120 656 1220 relas.

216 1326 220 1333 ·
377 1287 634 1392 Grandior
657 1291 739 1391 hic
764 1330 882 1392 vero
907 1293 946 1390 si
965 1291 1090 1427 jam,
1119 1290 1388 1428 seniorque
1417 1311 1691 1427 queratur:

335 1506 341 1517 ·
376 1465 562 1566 Omnia
590 1466 877 1605 perfructus
903 1467 1024 1566 vitai
1049 1468 1274 1604 praemia,
1303 1468 1524 1590 marces?

373 1637 475 1739 Sed
502 1643 625 1780 quia
650 1679 850 1778 semper
872 1677 986 1740 aves
1012 1639 1149 1775 quod
1176 1637 1334 1758 abest,
1372 1643 1645 1775 praesentia
1668 1609 1866 1760 temnis,

372 1810 678 1951 Imperfecta
701 1815 796 1915 tibi
822 1816 993 1952 elapsa
1016 1835 1092 1911 est
1114 1813 1417 1950 ingrataque
1442 1815 1560 1932 vita,

373 1984 443 2085 Et
467 1989 806 2124 nec-opinanti
835 2025 968 2086 mors
994 1985 1059 2085 ad
1085 2005 1238 2121 caput
1263 1982 1458 2084 adstitit
1482 2009 1598 2086 ante
1681 2022 1689 2039 ·

374 2137 542 2279 Quam
569 2160 787 2261 saturae
813 2162 995 2299 plenus
1021 2159 1178 2296 possis
1205 2157 1464 2258 discedere
1494 2198 1682 2285 rerum.

375 2332 533 2447 Nunc
559 2335 723 2434 aliena
747 2358 837 2434 tua
860 2357 1028 2434 tamen
1053 2322 1203 2433 ’aetate
1229 2333 1397 2431 omnia
1422 2334 1581 2453 mitte,
1785 2468 1788 2475 .

371 2509 547 2649 AEquo
585 2510 873 2648 animoque,
919 2496 1172 2646 agedum(
1191 2504 1300 2641 jam
1342 2505 1452 2605 aliis
1494 2508 1743 2611 concede:
1783 2546 1867 2610 ne·

512 2721 646 2784 cesse
672 2705 763 2784 est.
820 2748 824 2757 ·

370 2854 405 2958 J
410 2895 498 2957 ure
525 2861 610 2992 (nt
633 2856 839 2992 opinor)
866 2877 1000 2994 agat,
1019 2855 1136 2992 jure
1162 2853 1405 2990 increpet,
1431 2855 1742 2995 inciletque3
1818 2972 1821 2977 ¹

376 3029 527 3131 Cedit
550 3031 684 3130 enim
709 3067 878 3130 rerum
904 3030 1126 3129 novi-tate
1153 3051 1359 3166 extrnsa
1381 3053 1621 3151 vetustas,

204 3238 211 3249 ·
375 3205 587 3342 Semper
612 3226 663 3303 et
688 3242 750 3302 ex
777 3203 886 3302 aliis
912 3201 1050 3302 aliud
1077 3241 1310 3341 reparare
1335 3242 1536 3305 necesse
1563 3184 1714 3306 ests
1809 3306 1814 3321 .

374 3378 428 3481 N
432 3419 488 3481 ec
505 3380 787 3519 quidquam
808 3379 860 3477 in
880 3375 1192 3490 barathrum,
1212 3415 1306 3476 nec
1326 3398 1513 3478 tartara
1532 3379 1722 3483 decidit
1740 3404 1864 3485 atra.
1908 3480 1912 3485 .

374 3551 616 3656 Materies
642 3592 771 3691 opus
796 3574 887 3672 est,
914 3576 973 3652 ut
997 3575 1220 3654 crescant
1244 3575 1444 3690 postera
1472 3556 1618 3656 saecla
1634 3598 1669 3680 3·

376 3726 508 3848 Quae
533 3750 703 3826 tamen
728 3726 897 3825 omnia
921 3749 971 3825 te
997 3727 1099 3827 vita
1122 3725 1390 3865 perfuncta
1417 3753 1725 3867 sequentur:
1760 3778 1769 3797 ·
1848 3778 1851 3783 ¹

212 3980 218 3991 .
376 3900 490 4004 Nec
533 3903 700 4001 minus
744 3936 865 4037 ergo
904 3922 1020 3999 ante
1063 3898 1189 4022 haec,
1235 3939 1389 4040 quam
1415 3941 1584 4024 nunc,
1623 3905 1865 4027 cecidere,

512 4074 815 4211 cadentque.
876 4171 880 4179 ,
1031 4110 1035 4119 ·

377 4249 461 4351 Sic
486 4249 588 4351 alid
614 4288 679 4348 ex
703 4250 800 4361 alio
825 4287 1089 4386 nunquam
1117 4248 1323 4349 desistet
1347 4253 1482 4374 oriri,

374 4426 598 4566 Vitaque
624 4425 894 4573 mancupio
918 4424 1048 4523 nulii
1075 4423 1239 4543 datur,
1267 4425 1501 4527 omnibus
1525 4468 1638 4532 usu.

268 4568 272 4577 .
446 4597 662 4736 Respice
687 4598 807 4745 item
835 4620 989 4732 quam
1016 4597 1088 4698 nil
1113 4597 1177 4697 ad
1202 4636 1294 4698 nos
1320 4622 1549 4703 anteacta
1571 4631 1794 4710 vetustas

373 4772 639 4909 Temporis
664 4771 839 4871 aeterni
864 4758 1033 4890 inerit,
1062 4809 1215 4910 qnam
1241 4775 1491 4876 nascimur
1516 4802 1649 4881 ante.

379 4947 492 5049 Hoc
517 4947 674 5084 igitur
699 4945 961 5082 speculum
990 4943 1138 5044 nobis
1163 4969 1347 5046 natura
1371 4946 1531 5050 futuri

374 5120 640 5259 Temporis
664 5117 876 5256 exponit
901 5141 1017 5256 post
1041 5142 1254 5222 mortem
1281 5121 1507 5262 denique
1532 5150 1787 5232 nostram:
1875 5109 1876 5114 Ν

1074 5310 1088 5349 8
1100 5303 1116 5350 2
