4598 6112
458 477 554 576 168
779 483 838 570 Τ.
907 476 1341 568 LUCRETII
1408 474 1620 566 CARI

455 743 658 844 Scilicet
683 765 789 840 arte
818 738 1023 838 madent
1048 736 1328 855 simulacra,
1357 758 1410 834 et
1435 732 1583 833 docta
1609 759 1872 873 vagantur,

456 916 507 1019 N
512 941 725 1018 octurno
751 916 914 1016 facere
943 936 1001 1012 ut
1024 913 1219 1049 possint
1244 912 1296 1010 in
1318 933 1544 1045 tempore
1565 908 1742 1009 ludos?

452 1092 534 1190 An
563 1093 722 1227 magis
748 1089 874 1190 illud
902 1091 998 1189 erit
1023 1127 1214 1206 verum,
1243 1087 1364 1223 quia
1389 1107 1619 1219 tempore
1645 1087 1697 1185 in
1723 1126 1826 1187 uno

456 1262 628 1382 Quom
655 1266 897 1363 sentimus
923 1264 993 1384 id,
1021 1288 1079 1363 ut
1105 1299 1259 1399 quom
1286 1299 1384 1358 vox
1410 1263 1659 1362 emittitur
1684 1303 1802 1385 una,

451 1436 707 1576 Tempora
732 1439 891 1537 multa
916 1439 1092 1558 latent,
1121 1436 1248 1534 ratio
1275 1473 1392 1573 qnae
1419 1440 1664 1573 comperit
1689 1478 1824 1541 esse:

454 1610 730 1749 Propterea
755 1614 828 1732 fit,
857 1614 931 1712 uti
959 1615 1137 1750 quovis
1163 1614 1212 1710 in
1240 1636 1468 1748 tempore
1496 1649 1717 1749 quaeque

454 1785 646 1887 Praesto
672 1791 773 1886 sint
798 1789 1065 1888 simulacra
1090 1787 1210 1887 locis
1237 1786 1286 1883 in
1315 1786 1563 1922 queisque
1582 1790 1790 1922 parata?

450 1961 618 2064 Tanta
643 1985 719 2063 est
743 1962 1012 2081 mobilitas,
1042 1986 1092 2061 et
1117 2000 1292 2060 eorum
1320 1963 1465 2098 copia
1490 1987 1646 2069 tanta.

445 2194 448 2199 ·
525 2136 592 2236 Et
617 2139 739 2277 quia
763 2138 936 2236 tenuia
963 2160 1096 2254 sunt,
1125 2137 1219 2234 nisi
1246 2174 1298 2235 se
1325 2140 1602 2261 contendit,
1630 2167 1775 2244 acute

455 2309 675 2412 Cernere
690 2351 790 2410 non
809 2314 1023 2450 potisest
1035 2311 1232 2410 animus
1241 2353 1253 2434 3
1274 2313 1487 2446 proinde
1508 2317 1816 2455 ornnia,quae
1833 2343 1952 2420 sunt

453 2481 722 2603 Praeterea,
748 2509 984 2622 pereunt,
1011 2486 1103 2584 nisi
1132 2522 1249 2622 quae
1275 2524 1339 2582 ex
1364 2523 1415 2584 se
1441 2488 1548 2624 ipsc
1574 2493 1782 2628 paravit.

453 2656 570 2797 lpse
595 2681 742 2796 parat
768 2697 872 2757 sese
901 2696 1066 2794 porro,
1095 2681 1369 2796 speratque
1395 2660 1643 2784 futurum,

452 2831 529 2935 Ut
554 2834 737 2952 videat,
766 2831 905 2970 quod
932 2831 1260 2966 consequitur
1285 2841 1394 2930 rem
1418 2871 1698 2974 quamque3
1729 2838 1785 2939 lit
1811 2877 1948 2977 ergo

454 3005 644 3161 Nonne
670 3010 826 3128 videS,
854 3007 1025 3108 oculos
1045 3007 1213 3126 etiam,
1237 3045 1392 3144 quom
1413 3014 1588 3111 tenuia
1607 3051 1725 3149 quae
1746 3016 1846 3114 sint
1955 2992 1962 3003 ⁶

455 3182 675 3283 Cernere
704 3203 987 3320 coeperunt,
1015 3180 1321 3280 contendere
1350 3218 1400 3279 se
1427 3207 1581 3320 atque
1606 3224 1801 3322 parare,

455 3356 568 3458 Nec
596 3359 701 3457 sine
728 3396 790 3456 e0
818 3356 926 3455 lieri
954 3393 1098 3493 posse
1126 3377 1182 3454 ut
1209 3395 1471 3455 cernamus
1498 3363 1674 3460 acutel

454 3531 523 3632 Et
547 3555 714 3632 tamen
743 3533 795 3631 in
822 3530 972 3630 rebus
1001 3569 1209 3667 quoque
1237 3533 1423 3667 apertis
1451 3570 1654 3631 noscere
1681 3534 1856 3670 possiS,

455 3708 506 3805 Si
538 3746 634 3805 non
664 3705 892 3805 advertas
918 3705 1160 3853 animum,
1187 3706 1403 3842 proinde
1431 3745 1552 3825 esse,
1581 3709 1725 3843 quasi
1745 3714 1883 3811 omni

454 3877 709 4017 Tempore
737 3902 942 3979 semotae
967 3881 1173 4002 fuerint,
1200 3884 1457 4022 longeque
1483 3905 1705 3983 remotae.

458 4050 566 4152 Cur
590 4055 748 4190 igitur
772 4054 956 4154 mirum
983 4080 1073 4176 est,
1102 4059 1297 4156 animus
1324 4059 1364 4156 si
1390 4081 1574 4158 oaetera
1591 4059 1800 4193 perdit,·

455 4227 649 4328 Praeter
675 4267 830 4365 quarn
858 4230 1045 4365 quibus
1072 4235 1222 4333 estin
1250 4233 1402 4334 rebus
1427 4234 1629 4334 deditus
1655 4236 1795 4371 ipsel

527 4403 730 4536 Deinde
756 4402 1091 4540 adopinamur
1116 4407 1178 4506 de
1207 4410 1362 4544 signis
1388 4393 1606 4522 maxima
1630 4408 1827 4542 parvis}

454 4579 529 4680 Ac
557 4617 647 4677 nos
674 4577 722 4675 in
751 4575 981 4675 fraudem
1008 4578 1287 4698 induimus
1315 4579 1616 4680 frustramur
1640 4603 1691 4680 et
1715 4583 1828 4719 ipsi.

527 4752 610 4853 Fit
635 4789 841 4891 quoque
868 4740 927 4853 ut
952 4751 1213 4852 interdum
1240 4791 1342 4852 non
1369 4753 1726 4891 suppeditetur
1750 4756 1920 4896 imago

352 5008 370 5041 ,.
457 4927 699 5066 Ejusdem
726 4930 943 5067 generis,
972 4927 1057 5027 sed
1086 4927 1295 5026 foemina
1320 4966 1437 5064 quae
1465 4927 1561 5027 fuit
1586 4951 1719 5048 ante,

218 5200 223 5209 ,
344 5072 382 5263 {²
427 5101 518 5205 :ln
543 5104 775 5204 manibus
800 5105 876 5205 vir
901 5125 1011 5203 tum
1038 5102 1201 5205 factus
1229 5103 1459 5204 videatur
1484 5100 1685 5226 adesse3

361 5294 420 5365 tae
492 5296 495 5301 '

40 5358 48 5397 i
405 5406 417 5417 υ

426 5424 460 5505 'a
