4598 6112
649 651 652 655 ,
792 553 1065 644 LIBER
1128 553 1535 648 QUINTUS·
1787 556 1887 651 935

472 807 714 948 Denique
741 808 835 910 sub
863 810 1082 947 pedibus
1106 813 1260 914 tellus
1287 852 1442 952 quom
1469 836 1575 914 tota
1598 815 1814 938 vacillat,
1875 915 1878 918 ,

401 981 777 1122 Concussaeque
803 987 994 1085 cadunt
1020 983 1185 1106 urbes,
1214 985 1489 1125 dubiaeque
1514 989 1805 1091 minantur:

402 1151 544 1274 Quid
570 1155 755 1282 mirum
780 1158 820 1256 si
847 1196 898 1258 se
925 1178 1161 1258 temnunt
1185 1159 1416 1259 mortalia
1441 1162 1601 1280 saecla,

244 1365 248 1371 ·
398 1329 573 1468 Atque
599 1353 871 1467 potestates
897 1372 1105 1472 magnas
1132 1336 1385 1471 mirasque
1410 1334 1712 1472 relinquunt

401 1499 461 1602 ln
488 1503 637 1603 rebus
664 1506 810 1605 vireis
837 1507 1019 1629 divbm,
1048 1547 1166 1647 quae
1191 1529 1373 1607 cuncta
1397 1506 1718 1644 gubernent?

470 1673 622 1794 Quod
662 1702 906 1814 superest,
946 1720 1031 1825 aes,
1070 1703 1225 1818 atque
1252 1717 1448 1802 aurum,
1487 1680 1787 1818 ferrumque
1814 1719 1888 1781 re·

606 1879 808 1992 pertum
835 1876 926 1975 est,

399 2025 469 2128 Et
493 2029 641 2128 simul
667 2029 862 2166 argenti
887 2027 1105 2165 pondus,
1125 2028 1432 2168 plumbique
1457 2051 1710 2164 potestas:
1830 2142 1838 2154 ¹

400 2199 541 2339 Ignis
570 2201 655 2302 ubi
682 2203 930 2339 ingenteis
957 2202 1120 2340 sylvas
1146 2204 1324 2304 ardore
1350 2205 1595 2304 crembrat

400 2372 667 2474 Montibus
692 2375 744 2474 in
772 2376 984 2511 magnis,
1011 2413 1097 2475 seu
1125 2377 1237 2476 coeli
1263 2375 1474 2481 fulmine
1500 2377 1667 2497 misso,

401 2549 515 2650 Sive
543 2550 681 2687 quod
708 2552 840 2650 inter
864 2589 915 2650 se
941 2549 1134 2651 bellum
1153 2553 1396 2689 sylvestre
1422 2574 1671 2688 gerentes,

400 2721 648 2824 Hostibus
675 2725 952 2825 intulerant
976 2725 1148 2863 ignem
1174 2723 1457 2823 formidinis
1482 2762 1635 2862 erg03

400 2895 515 2997 Sive
542 2899 683 3036 quod
707 2891 903 3029 inducti
930 2918 1078 3001 terrae
1103 2898 1346 3015 bonitate,
1367 2894 1624 3003 volebant

397 3068 629 3171 Pandere
655 3106 801 3206 agros
825 3069 1077 3207 pingueis,
1105 3094 1158 3189 et
1179 3108 1367 3209 pascua
1390 3068 1604 3175 reddere
1631 3108 1782 3174 rura:

398 3243 514 3345 Sive
538 3243 669 3344 feras
694 3241 992 3363 interficere,
1020 3264 1071 3342 et
1095 3242 1337 3344 ditescere
1363 3242 1566 3380 praeda:

400 3417 539 3519 Nam
564 3418 707 3518 fovea
730 3440 886 3553 atque
912 3418 1019 3554 igni
1043 3419 1185 3554 prius
1210 3442 1286 3520 est
1308 3420 1537 3520 venarier
1558 3443 1745 3542 ortum,

400 3587 569 3709 Quam
597 3590 760 3724 sepire
786 3587 951 3724 plagis
977 3588 1178 3711 saltum,
1205 3590 1518 3730 canibusque
1545 3561 1719 3697 ciere..

400 3761 671 3901 Quidquid
697 3760 750 3861 id
777 3784 868 3879 est,
890 3797 1251 3901 quacunquee
1277 3803 1426 3866 causa
1443 3767 1706 3868 flammeus
1733 3765 1883 3868 ardor
1960 3785 1962 3789 ’

399 3936 648 4038 Horribili
674 3937 840 4037 sonitu
865 3934 1029 4072 sylvas
1053 3936 1292 4038 exederat
1316 3938 1429 4039 altis

396 4111 480 4213 Ab
505 4108 775 4229 radicibus,
802 4130 1061 4209 et-terram
1086 4111 1549 4248 percoxeratigni3
1704 4128 1706 4132 ’

254 4329 264 4359 1
398 4284 645 4387 Manabat
670 4284 808 4384 venis
832 4280 1143 4384 ferventibus
1170 4285 1223 4383 in
1247 4284 1358 4384 loca
1381 4306 1531 4383 terrae

399 4458 633 4561 Concava
656 4455 956 4557 conveniens
981 4459 1178 4595 argenti
1199 4458 1333 4558 rivus
1359 4479 1411 4557 et
1436 4455 1563 4576 auri,

393 4634 532 4736 AEris
557 4636 677 4733 item
703 4657 756 4735 et
778 4631 1007 4786 plumbi3
1048 4665 1175 4771 quae
1193 4669 1348 4770 quom
1382 4651 1617 4731 concreta
1640 4621 1881 4729 videbant
2019 4724 2022 4729 .

270 4782 279 4797 .
395 4805 649 4908 Posterius
673 4808 808 4907 claro
833 4807 1056 4907 interris
1082 4805 1349 4942 splendere
1375 4805 1555 4922 colore,
1720 4944 1726 4953 .

397 4981 669 5083 Tollebant
693 4981 857 5082 nitido
882 4982 1017 5118 capti
1042 4980 1259 5116 laevique
1279 4979 1486 5115 lepore:

398 5155 467 5262 Et
492 5160 639 5260 simili
663 5157 877 5260 formata
899 5156 1144 5293 videbant
1168 5190 1274 5255 esse
1292 5151 1475 5291 figura,
1538 5144 1540 5149 ⁴

1103 5339 1120 5388 ἱ
1133 5345 1144 5386 1
1156 5339 1173 5389 θ
