4598 6112
704 584 707 589 -
767 521 1042 611 LIBER
1107 516 1530 612 QUARTUS.
1798 504 1890 605 161

396 779 534 918 Ergo
560 781 822 920 replentur
847 783 957 881 loca
979 777 1205 899 vocilius
1234 777 1408 879 abdita
1432 800 1566 891 retro

274 1063 277 1067 ,
397 955 586 1056 Omnia
613 995 730 1094 qnae
756 956 943 1056 circum
970 951 1177 1071 fuerint,
1206 955 1478 1092 sonituque
1504 955 1716 1054 cientur.

396 1129 466 1228 At
491 1129 756 1230 simulacra
783 1131 874 1230 viis
900 1128 1102 1227 directis
1127 1129 1296 1227 omnia
1318 1128 1555 1248 tendunt,

396 1299 471 1405 Ut
496 1327 616 1404 sunt
642 1306 788 1404 missa
813 1294 983 1421 semel,
1012 1323 1327 1439 quapropter
1352 1340 1558 1401 cernere
1584 1338 1735 1399 nemo

397 1479 462 1579 Se
489 1519 643 1618 supra
667 1482 801 1618 potis
827 1500 930 1600 est3
970 1499 1022 1577 at
1046 1514 1191 1577 voces
1216 1478 1443 1615 accipere
1470 1500 1629 1577 extra.

397 1650 466 1752 Et
480 1676 650 1754 tamen
667 1657 776 1793 ipsa
793 1692 1000 1794 quoqne
1016 1651 1142 1772 haec,
1154 1650 1278 1753 dum
1299 1648 1479 1754 transit
1497 1652 1666 1753 clausa
1683 1651 1894 1769 viarum,

338 1865 340 1868 ’
395 1824 511 1929 Vox
538 1829 1041 1966 obtunditur,·atque
1069 1828 1232 1926 aureis
1258 1791 1466 1927 confusa
1492 1848 1726 1964 penetrat
1741 1866 1755 1949 3

398 1999 467 2101 Et
491 2005 709 2103 sonitum
736 2005 906 2142 potius
933 2039 1089 2140 quam
1115 1998 1270 2099 verba
1296 2001 1469 2101 audire
1490 2000 1736 2115 videmur.
1806 2060 1810 2065 =

469 2175 613 2298 Haec,
632 2179 776 2315 queis
791 2179 1033 2278 sentimus
1050 2213 1270 2294 succum,
1288 2174 1466 2313 lingua
1481 2197 1635 2314 atque
1653 2173 1895 2312 palatum,

400 2348 701 2451 Plusculum
729 2351 921 2451 habent
946 2354 996 2451 in
1027 2389 1078 2450 se
1110 2349 1327 2467 rationis,
1356 2352 1576 2489 plusque
1595 2357 1800 2488 operai·

468 2526 743 2664 Principi0,
766 2565 970 2626 succum
997 2525 1239 2624 sentimus
1267 2525 1317 2622 in
1344 2563 1447 2643 ore,
1474 2522 1642 2625 cibum
1672 2562 1828 2663 quom

400 2697 700 2800 Mandendo
727 2702 1087 2838 exprimimus3
1126 2679 1218 2800 ceu
1239 2699 1442 2836 plenam
1463 2701 1727 2837 spongiam
1746 2706 1900 2839 aquai

401 2873 597 3013 Siquis
624 2876 752 2974 forte
778 2913 930 2975 mauu
957 2911 1186 3012 premere
1212 2874 1571 3012 exsiccareque
1603 2875 1786 3010 coepit:

401 3047 546 3162 Inde,
576 3048 711 3188 quod
742 3049 1074 3186 exprimimus
1100 3085 1192 3186 per
1217 3050 1385 3149 caulas
1411 3087 1559 3149 omne
1586 3050 1745 3187 palati

400 3223 630 3355 Diditur,
657 3246 709 3322 et
734 3261 860 3322 rarae
886 3223 1155 3360 perplexa
1178 3223 1427 3324 foramina
1451 3225 1661 3364 linguae.

402 3398 530 3501 Haec
558 3398 645 3498 ubi
671 3400 817 3498 laevia
843 3419 962 3499 sunt
987 3399 1235 3507 manantis
1261 3435 1472 3536 corpora
1498 3399 1648 3519 succi,

402 3574 634 3674 Suaviter
658 3575 935 3709 attingunt,
963 3595 1015 3672 et
1040 3574 1258 3674 suaviter
1282 3577 1452 3675 omnia
1477 3598 1695 3676 tractant

402 3746 633 3848 Humida
657 3747 854 3886 linguai
880 3746 1076 3846 circum
1096 3748 1332 3848 sudantia
1356 3750 1576 3887 templa:

399 3920 472 4020 At
496 3945 672 4022 contra
697 3943 939 4058 pungunt
963 3904 1170 4020 sensum
1191 3924 1517 4063 lacerantque
1544 3949 1729 4045 coorta,

403 4091 612 4215 Quanto
640 4133 861 4234 quaeque
888 4095 1047 4234 magis
1073 4119 1192 4195 sunt
1217 4098 1486 4234 asperitate
1513 4101 1723 4238 repleta.
1845 4133 1848 4139 ’

474 4269 676 4371 Deinde
703 4271 935 4408 voluptas
962 4293 1039 4370 est
1063 4309 1089 4369 e
1117 4292 1266 4371 succo
1293 4272 1393 4372 fine
1419 4276 1573 4411 palati
1595 4318 1606 4400 ;

404 4446 575 4568 Quom
600 4486 719 4548 vero
747 4446 982 4546 deorsum
1008 4484 1102 4584 per
1125 4445 1296 4546 fauces
1322 4448 1677 4587 praecipitavit,
1763 4577 1771 4583 ,

405 4620 571 4723 Nulla
595 4622 828 4757 voluptas
855 4641 945 4740 est,
974 4618 1095 4718 dum
1123 4619 1318 4721 diditur
1343 4625 1505 4724 omnis
1532 4625 1582 4726 in
1605 4650 1771 4727 artus:

405 4792 519 4895 Nec
545 4793 700 4892 refert
725 4792 1011 4932 quidqqam
1038 4831 1140 4930 quo
1165 4796 1302 4895 victu
1328 4836 1511 4933 eorpus
1538 4800 1718 4919 alatur,

408 4967 702 5070 Dummodo
730 4967 866 5106 quod
897 4967 1063 5105 capias
1090 4991 1383 5070 concoctum
1412 4969 1586 5072 didere
1613 4974 1773 5111 possis

403 5143 649 5264 Artuhus,
677 5166 731 5243 et
756 5140 998 5242 stomachi
1023 5140 1317 5245 humectum
1344 5182 1539 5246 servare
1565 5169 1811 5254 tenorem.

1112 5330 1134 5370 Y
