4598 6112
468 486 568 582 ma
771 493 830 581 T.
898 467 1334 582 Lucanam
1400 488 1616 580 cna-1

443 748 736 868 ’Quatenus
753 749 916 850 omnis
938 749 1030 850 ubi
1057 718 1085 850 e
1109 770 1215 849 toto
1227 747 1337 886 jam
1361 758 1574 883 'corpore
1600 748 1765 870 cessit,

467 919 673 1022 Extima
699 921 1107 1025 membrorum
1067 958 1468 1024 circum-caesura
1490 943 1658 1020 tamen
1687 945 1738 1020 se

456 1095 782 1203 Incolumen
789 1121 1013 1236 praestat,
1040 1136 1132 1198 nee
1159 1094 1283 1196 defit
1300 1096 1541 1258 ponderis
1566 1091 1765 1197 hilum:

469 1267 622 1389 Quod
651 1310 814 1407 genus
839 1295 914 1373 est
942 1267 1125 1371 Bacchi
1155 1305 1313 1407 quom
1338 1270 1432 1370 flos
1448 1290 1671 1387 evanu1t
1693 1289 1782 1368 aut
1800 1273 1963 1406 quom

468 1443 690 1581 Spiritus
715 1448 966 1585 unguenti
991 1445 1155 1547 suavis
1180 1440 1422 1577 diffugit
1410 1482 1463 1546 m
1489 1483 1652 1564 auras,

467 1615 574 1719 Aut
599 1619 771 1759 aliquo
798 1659 953 1759 quom
972 1620 1080 1758 jam
1107 1655 1283 1719 sueeus
1310 1618 1375 1717 de
1399 1658 1608 1758 corpure
1634 1620 1816 1723 cessit:

468 1789 563 1929 Nil
588 1795 745 1894 oeulis
769 1816 936 1895 tamen
964 1831 1070 1894 esse
1095 1793 1260 1892 minor
1285 1829 1364 1891 res
1388 1794 1499 1930 ipsa
1512 1792 1718 1900 videtur

468 1965 763 2105 Propterea,
789 2006 958 2107 neque
984 1968 1267 2067 detractum
1293 1967 1608 2104 dependere
1636 1956 1925 2106 quidquam
1942 2007 1968 2093 z,

317 2226 322 2237 .
469 2137 748 2266 Nimirum,
773 2144 895 2281 quia
919 2140 1080 2241 multa
1104 2139 1404 2281 minutaque
1422 2142 1612 2242 semina
1630 2177 1807 2240 succos
1860 2184 1862 2189 ·

470 2312 732 2436 Effieiunt,
747 2293 808 2417 ‘et
831 2315 1039 2416 odorem
1064 2315 1249 2434 intuto
1276 2353 1484 2453 corpore
1510 2353 1702 2416 rerum,

469 2486 642 2609 Quare
669 2489 821 2592 etiam
845 2514 1002 2629 atque
1028 2490 1179 2589 etiam
1202 2492 1385 2591 mentis
1411 2514 1644 2592 naturam
1671 2489 1977 2625 animaeque.

471 2642 610 2763 S’cire
635 2665 767 2817 lieet⁸
775 2635 1026 2803 perquam
1048 2665 1288 2801 pauxillis
1299 2690 1418 2767 ‘esse
1445 2689 1664 2770 creatam

472 2834 792 2941 Seminibus:
833 2840 1075 2978 quoniam
1099 2837 1301 2978 fugiens
1326 2843 1398 2942 nil
1423 2842 1665 2980 ponderis
1691 2836 1875 2975 aufert.
1926 2828 1932 2846 ²

540 3008 596 3113 N
598 3052 653 3116 ee
678 3037 849 3115 tamen
872 3011 982 3115 haec
1007 3012 1231 3152 simplex*
1246 3014 1594 3118 nobis-natura
1607 3013 1837 3154 putanda
1854 3013 1964 3152 est:

468 3183 660 3286 Tenuis
679 3191 812 3288 enim
839 3188 1076 3327 quaedam
1101 3187 1433 3288 moribundos
1456 3187 1643 3289 deserit
1666 3225 1792 3333 aura
1884 3281 1887 3286 .

472 3357 531 3462 M
536 3361 859 3500 istavapore,
881 3397 1041 3499 vapor
1065 3398 1215 3500 porro
1240 3359 1397 3462 trahit
1421 3365 1538 3463 aera
1562 3398 1732 3462 seeum
1749 3327 1786 3486 ς’

473 3533 526 3636 N
530 3574 588 3636 ee
614 3532 749 3637 calor
772 3536 847 3638 est
872 3538 1166 3675 quisquam,
1189 3544 1313 3675 quoi
1336 3553 1440 3638 non'
1463 3538 1529 3639 sit
1551 3538 1729 3638 mistus
1756 3557 1808 3635 et
1834 3537 1921 3634 aiir
1944 3575 1959 3635 ε

472 3706 608 3811 Rara
633 3711 773 3849 quud
799 3711 909 3848 ejus
931 3711 1066 3810 enim
1091 3732 1291 3812 constat
1311 3733 1510 3833 natura,
1538 3747 1745 3812 neeesse
1768 3731 1854 3810 est
1943 3736 1947 3743 ‘

471 3882 619 3984 Aeris
644 3886 776 3984 inter
801 3921 921 3985 eum
942 3880 1220 4020 primordia
1243 3884 1567 3986 multa-cieri.

541 4055 660 4158 Jam
684 4058 873 4196 triplex
899 4058 1155 4158 animi'est
1176 4060 1337 4197 igitur
1362 4058 1544 4161 nalura
1566 4080 1789 4198 reperta.

327 4222 335 4237 ⁹
454 4231 591 4352 ‚Nee
608 4254 779 4332 tamen
799 4230 907 4334 haee
927 4255 1002 4333 sat
1020 4233 1219 4332 suntad
1237 4257 1640 4336 sensumcuneta
1655 4230 1963 4356 meandum}

424 4496 432 4509 .
475 4405 571 4509 Nil
596 4404 777 4506 horum
804 4408 1042 4544 qnoniam
1067 4409 1249 4546 recipit
1272 4446 1414 4511 mens
1438 4403 1584 4546 posse
1610 4443 1781 4508 creare
1929 4467 1932 4479 -

433 4549 438 4557 Ι
475 4581 753 4683 Sensiferos
778 4592 960 4700 motus,
987 4581 1223 4718 quaedam
1250 4584 1339 4722 qui
1367 4603 1536 4683 mente
1560 4558 1806 4685 volutent.

476 4755 673 4876 Quarta
697 4777 904 4894 quoque
924 4752 1039 4854 his
1026 4755 1185 4894 igitus
1209 4759 1447 4938 quadam
1463 4780 1646 4860 natura
1668 4795 1869 4861 neeesse
1887 4785 1966 4931 est

473 4882 802 5032 Attrilauatur
827 4933 940 5064 (ea
937 4952 1013 5032 est
1037 4933 1242 5034 omnino
1267 4930 1488 5035 nominis
1512 4935 1754 5071 expers):

476 5100 595 5225 Qua
612 5142 782 5246 neque
796 5102 1031 5206 mobilius
1050 5102 1355 5251 quidquam,
1369 5145 1537 5250 neque
1558 5109 1762 5213 tenuius
1759 5087 1963 5234 exstat}
2089 5150 2099 5173 ·
