4598 6112
510 508 611 601 122
845 508 919 595 T.·
974 501 1403 595 Lt‘cssssru
1464 500 1677 592 CARI

505 766 609 869 Sed
635 787 806 865 tamen
833 761 913 863 his
936 786 1044 864 esto
1069 764 1301 904 quamtis
1323 762 1488 863 faeere
1514 763 1640 862 utile
1663 800 1865 899 oorpus,

505 938 661 1061 Quod
691 937 936 1060 subeant3
971 961 1024 1037 ut
1049 978 1154 1078 qua
1176 939 1388 1077 possint,
1413 939 1495 1036 via
1517 938 1660 1036 nulla
1676 937 1907 1037 ridetur:

506 1114 662 1217 Haud
691 1115 850 1251 igitur
872 1113 1067 1213 sariunt
1091 1115 1275 1213 animae
1302 1110 1397 1210 sibi
1422 1149 1633 1249 oorpom
1657 1135 1711 1210 et
1733 1136 1891 1213 artus.

506 1286 622 1392 Nec
648 1310 816 1387 tamen
843 1312 920 1387 est
946 1310 1003 1387 ut
1019 1288 1127 1425 jam
1153 1287 1389 1426 perfectis
1413 1287 1733 1384 insinuentur

504 1459 850 1602 Corporibus:
887 1500 1057 1600 neque
1081 1463 1215 1561 onim
1240 1483 1486 1599 poterunt
1509 1461 1764 1563 subtiliter
1786 1503 1895 1564 esse

499 1632 762 1743 connexae
776 1677 791 1759 ;
828 1672 999 1774 neque
1023 1675 1271 1737 oonsensu
1298 1637 1534 1774 contagia
1559 1637 1699 1736 fient.

569 1808 810 1948 Denique
835 1848 929 1909 eur
951 1812 1078 1911 aeris
1103 1810 1345 1910 violentia
1369 1812 1512 1909 triste
1536 1812 1742 1910 leonum

499 1982 783 2087 Seminium
809 1986 1040 2123 sequitur
1055 2028 1070 2107 3
1108 1986 1256 2085 dolus
1282 1984 1534 2121 solpihns‚
1559 2007 1612 2082 et
1637 1982 1762 2120 suga
1784 1988 1946 2085 cereis

500 2157 550 2260 Α
575 2158 808 2298 patribus
831 2159 1000 2279 datur,
1027 2182 1078 2259 et
1103 2160 1297 2297 patrius
1321 2197 1479 2296 paror
1501 2161 1680 2258 incitat
1702 2164 1873 2259 anns!

498 2332 572 2435 Et
586 2335 697 2473 jam
722 2357 907 2437 caetera
930 2335 997 2435 de
1023 2372 1208 2473 genere
1234 2332 1346 2453 hoc,
1372 2371 1466 2432 eur
1488 2334 1659 2431 omnia
1682 2333 1924 2434 memhris

497 2504 585 2609 Ex
611 2511 819 2609 ineunte
844 2549 953 2610 aevo
978 2512 1385 2648 ingenerascunt,
1412 2510 1568 2645 inque
1591 2529 1870 2643 genantur,

499 2679 554 2782 Si
581 2722 684 2783 non
708 2707 847 2783 eerta
871 2723 962 2785 suo
987 2684 1108 2822 quia
1135 2683 1324 2781 semine
1348 2683 1662 2820 seminioque

495 2853 591 2960 Vis
615 2860 769 2959 animi
795 2861 987 3001 pariter
1009 2860 1189 2958 erescit
1211 2896 1328 2958 enm
1352 2896 1563 2996 corpore
1587 2864 1728 2960 toto?
1872 2874 1886 2897 “

496 3026 654 3153 Quod
681 3035 720 3133 si
746 3034 1042 3135 immortalis
1066 3033 1213 3152 foret,
1239 3056 1294 3133 et
1315 3056 1524 3134 mutare·
1538 3035 1723 3134 soleret

497 3204 743 3345 Corpora,
769 3208 1023 3345 permistis
1047 3208 1326 3308 animantes
1351 3208 1576 3308 moribus
1599 3234 1794 3310 essent:

495 3377 764 3520 Effugeret
786 3383 926 3481 canis
954 3378 1196 3520 Hyrcano
1220 3382 1286 3481 de
1311 3384 1500 3505 semine
1526 3421 1661 3519 saepe

496 3551 764 3695 Cornigeri
789 3558 1047 3657 incursum
1073 3557 1225 3675 uerri,
1251 3578 1592 3694 tremeretque
1617 3595 1712 3695 per
1734 3597 1881 3659 auras
1991 3596 2002 3611 ·

492 3729 641 3831 Aeris
664 3732 905 3870 accipiter
929 3730 1130 3869 fugiens
1153 3733 1388 3832 veniente
1411 3733 1680 3834 columba:

493 3898 803 4043 Desiperent
826 3902 1070 4024 homines,
1097 3929 1334 4042 saperent
1357 3905 1466 4007 fera
1490 3910 1638 4010 saecla
1659 3908 1899 4014 ferarum.

564 4073 703 4178 Illud
728 4080 864 4180 enim
890 4078 1017 4180 falsa
1039 4079 1434 4203 fertur‘ratione‚
1461 4082 1603 4222 qnod
1628 4084 1791 4204 aiunt,

494 4248 837 4355 Immortalem
861 4258 1081 4358 animam
1107 4278 1300 4357 mutato
1326 4296 1535 4395 oorpore
1560 4259 1714 4361 flecti.

493 4423 648 4547 Quod
675 4452 902 4530 mutatur
925 4432 1078 4549 enim,
1105 4429 1422 4531 dissolvitur:
1459 4433 1636 4530 interit
1652 4469 1793 4570 ergo.

487 4599 836 4743 'l'rajiciuntur
858 4608 993 4706 enim
1019 4628 1202 4742 partes,
1229 4628 1384 4746 atque
1409 4606 1586 4706 ordine
1611 4609 1863 4745 migrant:

492 4772 667 4896 Quare
692 4776 893 4881 dissolvi
921 4818 1130 4920 quoque
1155 4779 1348 4883 debent
1370 4820 1517 4921 posse
1540 4820 1636 4919 per
1658 4806 1815 4904 artus,

491 4945 733 5091 Denique
759 4977 817 5056 ut
841 4956 1092 5057 intereant
1116 4997 1218 5059 una
1242 4998 1356 5058 oum
1384 4997 1593 5097 corpore
1619 4983 1832 5063 cunctae.

489 5119 583 5227 Sin
606 5127 798 5230 animas
820 5127 1087 5233 hominum
1111 5133 1284 5237 dicent
1306 5137 1360 5236 in
1386 5174 1598 5276 oorpora
1621 5173 1824 5277 semper
