4620 6106
408 457 511 558 224
731 460 792 551 T·
861 457 1296 552 LUCRETII
1361 460 1574 554 CARI

294 751 301 767 ·
411 720 641 822 Humida
665 757 785 819 saxa
811 757 964 857 super
987 718 1136 820 viridi
1162 718 1406 819 stillantia
1429 758 1631 822 musco:

409 894 478 996 Et
504 896 687 1034 partim
714 894 868 1032 plano
894 917 1085 994 scatere
1112 917 1269 1033 atque
1295 933 1561 1033 erumpere
1587 933 1781 1036 campo.

480 1069 720 1172 Necdum
746 1107 826 1169 res
851 1070 958 1207 igni
984 1067 1181 1169 scibant
1203 1090 1436 1188 tractare,
1464 1106 1557 1168 nec
1582 1068 1659 1170 uti

408 1243 653 1364 Pellibus,
681 1265 734 1342 et
759 1243 929 1380 spoliis
954 1279 1138 1379 corpus
1163 1243 1344 1342 vestire
1369 1241 1621 1344 ferarum:

409 1420 507 1522 Sed
532 1455 752 1536 nemora,
770 1440 924 1555 atque
944 1454 1090 1516 cavos
1109 1415 1340 1533 monteis,
1361 1415 1632 1554 sylvasque
1650 1415 1902 1534 colebant,

407 1594 477 1696 Et
500 1594 706 1695 frutices
732 1594 866 1692 inter
890 1587 1178 1691 condebant
1203 1588 1438 1727 squalida
1462 1590 1705 1713 membra,
1806 1646 1839 1725 '.

405 1766 636 1869 Verbera
660 1788 923 1867 ventorum
940 1767 1099 1866 vitare
1125 1763 1435 1902 imbreisque
1461 1767 1651 1867 coacti:

408 1939 523 2044 Nec
550 1979 815 2041 commune
839 1939 1032 2040 bonum
1058 1961 1296 2077 poterant
1321 1961 1566 2077 spectare,
1595 1978 1688 2051 nec
1715 1940 1832 2042 ullis

407 2114 643 2217 Moribus
671 2116 805 2215 inter
829 2153 880 2215 se
907 2113 1119 2230 scibant,
1146 2154 1239 2217 nec
1266 2116 1465 2254 legibus
1492 2117 1597 2216 uti:

406 2290 561 2410 Quod
590 2290 814 2429 quoique
840 2288 1095 2389 obtulerat
1121 2288 1310 2427 praedae
1335 2288 1556 2408 fortuna,
1583 2287 1794 2412 ferebat,

407 2461 601 2601 Sponte
628 2500 717 2562 sua
743 2461 838 2560 sibi
867 2463 1085 2601 quisque
1110 2463 1277 2591 valere
1303 2484 1357 2563 et
1380 2464 1547 2563 vivere
1574 2463 1768 2564 doctus.
1835 2515 1838 2520 ·

405 2635 475 2737 Et
499 2635 675 2739 Venus
701 2635 752 2734 in
780 2636 932 2773 sylvis
950 2633 1206 2774 jungebat
1231 2674 1442 2774 corpora
1467 2659 1744 2740 amantum.

407 2808 725 2913 Conciliabat
749 2811 886 2909 enim
911 2811 992 2910 vel
1019 2832 1198 2911 mutua
1223 2848 1484 2949 quamque
1512 2810 1716 2948 cupido,

326 3084 328 3088 ,
405 2983 503 3087 Vel
527 2985 748 3088 violenta
770 2985 865 3084 viri
889 2984 982 3104 vis,
1010 3007 1164 3124 atque
1189 2986 1418 3123 impensa
1442 2984 1632 3086 libido:

403 3156 501 3261 Vel
529 3159 768 3297 pretium,
795 3157 1025 3295 glandes,
1052 3181 1205 3298 atque
1232 3158 1429 3279 arbuta,
1455 3161 1534 3260 vel
1560 3160 1672 3322 pira
1695 3160 1841 3263 lecta.

475 3331 544 3433 Et
568 3369 810 3431 manuum
834 3330 962 3433 mira
985 3332 1101 3433 freti
1126 3333 1311 3435 virtute
1336 3333 1649 3472 pedumque,

406 3504 845 3609 Consectabantur
870 3506 1114 3607 silvestria
1139 3507 1286 3608 saecla
1308 3506 1529 3607 ferarum
1646 3596 1649 3606 .

405 3679 687 3783 Missilibus
714 3680 844 3780 saxis
870 3702 921 3779 et
946 3719 1130 3820 magno
1155 3681 1380 3818 pondere
1406 3681 1575 3793 clavae,

405 3855 679 3993 Multaque
705 3846 989 3975 vincebant,
1016 3854 1245 3956 vitabant
1270 3892 1434 3993 pauca
1455 3855 1692 3958 latebris:

405 4029 749 4167 Setigerisque
774 4063 920 4164 pares
946 4026 1120 4129 suibus
1142 4030 1389 4130 silvestria
1415 4028 1672 4130 membra·

272 4234 275 4239 “
404 4203 567 4309 Nuda
592 4202 954 4304 dabantterrae
980 4225 1228 4303 nocturno
1253 4224 1481 4340 tempore
1507 4207 1659 4341 capti,

407 4379 610 4480 Circum
638 4416 689 4477 se
715 4377 849 4477 foliis
875 4416 931 4477 ac
957 4375 1224 4476 frondibus
1248 4346 1594 4478 involventes.l

405 4549 519 4658 Nec
543 4551 789 4690 plangore
814 4549 949 4648 diem
975 4586 1177 4687 magne,
1205 4551 1463 4689 solemque
1489 4589 1583 4688 per
1606 4589 1754 4690 agros

405 4727 720 4849 Quaerebant
742 4725 931 4863 pavidi,
958 4724 1187 4862 palantes
1212 4725 1372 4826 noctis
1398 4726 1451 4825 in
1475 4723 1698 4829 umbrisz
1739 4720 1743 4726 ἱ

404 4904 507 5003 Sed
532 4902 668 5006 taciti
697 4899 1067 5039 respectabant,
1095 4936 1371 5037 somnoque
1397 4899 1599 5036 sepulti,

407 5077 547 5181 Dum
574 5117 713 5178 rosea
737 5076 846 5178 face
873 5076 945 5177 sol
973 5074 1181 5176 inferret
1204 5074 1399 5175 lumina
1422 5074 1562 5176 cralo·
