4598 6112
538 478 616 580 86
879 485 938 575 T.
1006 480 1441 575 LUC'RETII
1503 482 1717 576 CARI

540 746 599 851 Id
629 782 830 848 rursum
856 745 967 846 coeli
993 741 1434 880 rellatumtempla
1458 746 1720 884 receptant
1734 788 1748 870 ;

540 922 653 1061 Nee
680 923 749 1023 sie
773 921 1020 1021 interimit
1044 955 1180 1018 mors
1205 953 1301 1040 res,
1328 939 1386 1018 ut
1412 919 1639 1019 materiai

540 1097 769 1236 Corpora
793 1096 1042 1217 conficiat,
1070 1094 1158 1195 sed
1178 1117 1363 1196 coeturn
1389 1093 1617 1230 dissupat
1641 1093 1781 1195 ollis:

539 1272 669 1375 Inde
697 1272 807 1372 aliis
833 1269 971 1371 aliud
999 1269 1281 1409 conjungit,
1308 1290 1359 1369 et
1383 1268 1553 1390 efficit,
1580 1307 1754 1371 omnes

539 1447 641 1550 Res
665 1471 726 1550 ut
750 1467 1045 1548 convertant
1069 1445 1270 1565 formas,
1292 1456 1594 1584 mutentque
1621 1446 1827 1565 colores
1954 1572 1961 1593 1

539 1622 610 1725 Et
626 1625 830 1761 capiant
854 1659 1043 1741 sensus,
1071 1643 1123 1720 et
1146 1641 1338 1758 puncto
1363 1640 1590 1756 tempore
1616 1620 1862 1724 reddant:

537 1794 615 1918 Ut
638 1835 813 1898 noscas
839 1794 1044 1915 referre,
1072 1793 1250 1894 eadem
1275 1792 1554 1931 primordia
1578 1832 1747 1897 rernm

397 2055 400 2060 .
542 1970 675 2076 Cum
702 1971 907 2111 quibus,
934 1992 985 2069 et
1009 1968 1150 2109 quali
1176 1968 1401 2106 positura
1425 1968 1794 2093 contineantur,

486 2150 491 2156 ’
539 2145 610 2249 Et
634 2186 763 2288 quos
781 2150 913 2289 inter
938 2184 990 2247 se
1016 2143 1142 2281 dent
1164 2161 1347 2260 motus
1374 2142 1758 2284 accipiantque:

539 2320 715 2462 (Neve
735 2343 884 2459 putes
910 2341 1099 2419 aeterna
1123 2352 1280 2452 penes
1305 2315 1523 2416 residere
1550 2340 1747 2454 potesse

541 2497 769 2638 Corpora
786 2495 968 2634 prima,
995 2489 1133 2631 quod
1159 2490 1210 2589 in
1239 2470 1446 2606 surnmis
1470 2491 1670 2592 fluitare
1695 2493 1925 2600 videmus
1973 2510 1976 2519 '

425 2686 430 2700 '
538 2667 732 2790 Rebus,
762 2690 813 2768 et
831 2666 1089 2768 interdum
1113 2661 1568 2803 nasei‚subitoque
1593 2671 1760 2806 perire
1778 2673 1822 2805 z)
1967 2663 1969 2667 ⁸

540 2843 681 2967 Quin
710 2847 867 2948 etiam·
883 2843 1044 2946 ¹refert
1066 2839 1251 2939 nostris
1269 2840 1320 2939 in
1347 2837 1574 2941 versibus
1599 2843 1738 2982 ipsiS,

540 3016 671 3121 Cum
700 3018 905 3161 quibus,
926 3040 978 3119 et
1003 3015 1144 3157 quali
1171 3014 1279 3114 sint.
1295 3013 1472 3117 ordine
1500 3053 1723 3156 quaeque
1748 3020 1929 3126 locata,
2013 3028 2016 3032 ’

540 3192 784 3333 Namque
808 3194 986 3294 eadem
1012 3193 1210 3310 coelum,
1238 3228 1391 3311 mare,
1422 3214 1592 3315 terras,
1619 3196 1848 3322 flumina,
1874 3203 2028 3308 solem
2088 3257 2095 3266 ·

540 3367 870 3508 Significant:
911 3367 1088 3468 eadem
1113 3365 1304 3503 fruges,
1330 3364 1552 3491 arbusta,
1579 3370 1904 3477 animanteis:
1935 3398 1941 3416 ’
2008 3412 2013 3459 :

541 3543 718 3647 Sinon
744 3543 914 3643 omnia
939 3543 1054 3663 sint,
1083 3563 1136 3642 at
1160 3540 1320 3641 multo
1347 3544 1567 3646 maxima
1584 3586 1701 3688 pars
1726 3574 1802 3651 est

541 3717 861 3823 Consimilis:
899 3693 1075 3817 verum
1100 3716 1337 3856 positura,
1354 3716 1685 3858 discrepitant
1708 3721 1832 3825 haec.

492 3956 500 3971 ·
542 3893 623 3995 Sic
651 3895 772 4033 ipsis
797 3894 848 3993 in
878 3888 1028 3991 rebus
1054 3890 1173 3990 itern
1195 3889 1302 4029 jani
1326 3895 1555 3996 materiai

540 4065 829 4189 Intervalla,
855 4069 966 4185 viae,
993 4066 1268 4189 connexus,
1296 4067 1538 4209 pondera,
1565 4071 1749 4210 plagae,

543 4239 847 4361 Concursus,
873 4263 1055 4362 motus,
1082 4240 1224 4365 ordo,
1252 4244 1493 4381 positura,
1520 4245 1701 4384 figurae

542 4414 713 4538 Quom
740 4422 1324 4553 permutantur,·mntari
1349 4457 1429 4520 res
1456 4458 1664 4560 quoque
1680 4421 1885 4528 debent.

612 4587 770 4693 Nunc
796 4590 1020 4691 animum
1046 4591 1192 4693 nohis
1216 4590 1404 4693 adhibe
1429 4631 1598 4695 veram
1624 4595 1689 4697 ad
1714 4602 1991 4710 rationem:

542 4761 680 4865 Nam
707 4759 803 4864 tibi
821 4762 1152 4907 'vehementer
1176 4805 1306 4869 nova
1330 4806 1410 4870 res
1429 4769 1638 4871 molitur
1661 4773 1725 4874 ad
1751 4780 1917 4881 aureis
2009 4826 2012 4835 ·

541 4934 802 5060 Accidere,
830 4961 882 5039 et
905 4978 1035 5044 nova
1060 4979 1114 5042 se
1140 4945 1332 5083 species
1357 4946 1623 5089 ostendere
1647 4987 1834 5054 rerurn.
1872 4977 1874 4981 ’
1937 4983 1944 4994 ·
1974 4960 1978 4968 ’

438 5177 440 5181 -
543 5110 644 5215 Sed
670 5151 839 5254 neque
864 5139 968 5223 tam
993 5116 1154 5221 facilis
1178 5158 1258 5221 res
1284 5119 1390 5222 ulla
1417 5143 1508 5244 est,
1536 5124 1663 5262 quin
1688 5130 1995 5268 caprimum
