4598 6112
324 646 369 659 ..
482 525 552 621 58
777 518 870 618 r.
936 521 1636 656 nuo-neruorum

555 783 610 892 N
612 827 668 889 ec
692 786 853 935 simile
879 808 970 923 est,
996 808 1056 886 ut
1080 824 1235 927 quom
1262 786 1468 926 impulsi
1493 785 1959 923 procedimusictm·

483 960 694 1065 Viribus
718 962 922 1065 alterius
947 965 1161 1103 magnis,
1187 998 1478 1102 magnoque
1504 984 1676 1063 coactu
1696 1003 1709 1087 ;

376 1115 380 1121 ’
485 1134 624 1239 Nam
648 1160 760 1237 tum
784 1139 1047 1238 materiam
1071 1139 1228 1239 totius
1253 1137 1477 1274 corporis
1500 1175 1700 1238 omnem

484 1307 817 1444 Perspicuum
844 1333 934 1431 est,
961 1313 1106 1414 nobis
1131 1313 1315 1433 invitis,
1342 1312 1433 1431 ire,
1458 1312 1693 1448 rapique,
1749 1340 1752 1347 ·
1803 1340 1806 1346 ·
1953 1353 1974 1379 1·

484 1481 744 1586 Donicum
768 1523 879 1584 eam
904 1486 1191 1590 refraenavit
1215 1524 1309 1625 per
1332 1484 1560 1587 membra
1582 1487 1833 1589 voluntas.
1961 1514 1964 1521 ·

481 1657 515 1760 J
519 1697 665 1760 amne
685 1661 823 1761 vides
849 1662 1023 1799 igitur,
1050 1695 1363 1802 quamquam
1387 1660 1463 1760 vis
1488 1681 1664 1760 extera
1680 1658 1868 1763 multos
1888 1682 1904 1717 ·'

482 1829 651 1955 Pellit,
679 1856 731 1935 et
753 1837 935 1937 invitos
961 1838 1098 1975 cogit
1121 1818 1395 1974 procedere
1419 1872 1574 1973 saepe,
1671 1885 1675 1894 ’

482 2003 901 2150 Praecipiteisque
925 2013 1075 2149 rapit,
1099 2033 1271 2111 tamen
1297 2047 1404 2112 esse
1431 2011 1483 2110 in
1506 2033 1715 2149 pectore
1739 2034 1913 2112 nostro
2023 2039 2028 2051 ’

483 2176 762 2302 Quiddam.
788 2185 930 2324 quod
956 2207 1132 2286 contra
1154 2221 1403 2322 pugnare,
1430 2183 1736 2325 obstareque
1759 2188 1934 2323 possit,

481 2356 681 2497 Quojus
706 2361 767 2462 ad
797 2360 1063 2463 arbitrium
1089 2361 1467 2500 quoquecopia
1491 2360 1739 2461 materiai
1790 2387 1795 2397 '
1937 2384 1942 2395 '

393 2551 399 2563 ’
481 2532 697 2674 Cogitur
720 2537 977 2641 interdum
1002 2539 1139 2639 flecti
1164 2573 1259 2675 per
1283 2534 1526 2656 membra,
1558 2571 1650 2673 per
1673 2555 1829 2652 artus,
1924 2566 1928 2571 ·

477 2706 547 2811 Et
571 2684 796 2849 projecta
819 2712 1136 2832 refraenatur,
1163 2734 1404 2850 retroque
1422 2709 1627 2812 residit!
1673 2787 1676 2791 -

543 2884 717 3006 Quare
734 2888 786 2988 in
802 2884 1077 2988 seminibus
1093 2924 1300 3026 quoque
1317 2885 1452 2989 idem
1467 2885 1967 3002 fatearenecesseest‚

475 3057 598 3162 Esse
623 3063 772 3163 aliam
797 3085 987 3200 praeter
1009 3062 1186 3202 plagas
1212 3085 1264 3163 et
1286 3060 1514 3200 pondera
1537 3097 1740 3163 causam
1859 3099 1862 3102 ’

476 3231 725 3356 Motibus,
753 3235 1026 3338 unde-haec
1044 3258 1121 3336 est
1145 3237 1489 3337 nobisinnata
1513 3256 1766 3372 potestas:

476 3407 559 3512 De
585 3410 746 3513 nihilo
772 3412 1012 3550 quoniam
1039 3411 1148 3512 fieri
1171 3380 1249 3512 nil·
1270 3403 1685 3550 posse'videmus

478 3583 689 3690 Pondus
713 3589 848 3691 enirn
872 3584 1113 3726 prohibet
1136 3624 1200 3687 ne
1225 3586 1390 3725 plagis
1413 3589 1584 3691 omnia
1608 3587 1749 3708 fiant,
1902 3619 1907 3631 ·

465 3758 706 3863 Externa
731 3764 877 3901 quasi
903 3763 977 3885 vi;
1004 3762 1182 3862 sedne
1207 3798 1352 3861 mens
1369 3763 1479 3900 ipsa
1501 3799 1766 3863 necessum
1811 3803 1814 3807 ·

474 3935 779 4053 Intestinum
806 3936 991 4039 habeat
1015 3939 1209 4039 cunctis
1233 3939 1283 4039 in
1312 3936 1466 4040 rebus
1491 3938 1718 4077 agendis,
1767 3990 1770 3995 ·

471 4112 542 4215 Et
566 4114 762 4217 devicta
787 4112 932 4252 quasi
957 4134 1170 4249 cogatur
1193 4112 1342 4237 ferre,
1369 4119 1611 4258 patique3

471 4285 533 4388 Id
559 4287 680 4388 facit
704 4289 948 4427 exiguum
975 4286 1225 4387 clinamen
1250 4291 1617 4428 principiorum

470 4458 584 4564 Nec
611 4462 817 4598 regione
842 4460 939 4563 loci
964 4481 1117 4577 certa,
1137 4497 1232 4560 nec
1257 4482 1484 4600 tempore
1504 4487 1658 4569 certo.

539 4633 655 4737 Nec
681 4634 865 4772 stipata
888 4634 1047 4770 magis
1071 4633 1172 4771 fuit
1196 4671 1425 4776 uuquam
1451 4642 1680 4744 materiai
1711 4710 1716 4721 -

356 4866 361 4878 ·
470 4809 647 4949 Copia,
675 4848 768 4911 uec
792 4836 944 4946 porro
968 4809 1245 4950 majoribus
1270 4814 1543 4917 intervallis
1565 4851 1588 4919 r·

467 4982 1094 5131 Namnoqueadangescit
1109 4987 1590 5130 quidq·uam,neque
1605 4992 1806 5131 deperit
1818 4995 1956 5098 inde.
2052 5013 2055 5021 '

467 5157 795 5298 Quapropter
819 5194 924 5296 quo
946 5201 1084 5266 nunc
1109 5166 1159 5265 in
1187 5186 1330 5268 motu
1356 5167 1729 5309 principiorum·
1767 5204 1807 5261 ν
1892 5207 1896 5215 ’
