4598 6112
483 662 497 675 κ
630 547 991 640 >moun
1056 548 1609 644 sncunnus..
1694 511 1697 517 ’
1789 549 1858 659 73

373 807 453 911 Ex
480 847 687 949 unoque
714 810 845 929 sitim
874 808 1342 910 sedantes'flumine
1366 816 1536 948 aquai,
1615 826 1619 833 '

372 983 621 1088 Dissimili
648 986 826 1087 vivunt
845 984 1029 1121 specie,
1056 984 1382 1121 retinentque
1400 1005 1670 1120 parentum

372 1156 641 1280 Naturam,
669 1179 721 1261 et
744 1193 907 1260 mores
931 1160 1210 1295 generatim
1238 1196 1458 1299 quaeque
1486 1161 1776 1263 imitantur:
1807 1182 1810 1189 ’

367 1331 533 1436 Tanta
556 1356 634 1435 est
657 1334 712 1433 in
738 1333 915 1470 quovis
934 1370 1118 1470 genere
1144 1331 1317 1433 herbae
1343 1336 1571 1437 materiai

371 1503 642 1608 Dissimilis
666 1508 823 1608 ratio:
862 1527 1004 1606 tanta
1029 1529 1104 1607 est
1128 1507 1183 1607 in
1207 1506 1416 1607 flumine
1443 1546 1665 1648 quoque.
1695 1488 1698 1494 ‚
1831 1544 1834 1549 ·

435 1679 469 1783 J
473 1719 554 1780 am
578 1719 698 1782 vero
724 1681 954 1818 quamvis
980 1682 1294 1780 animantem·
1311 1719 1376 1782 ex
1400 1681 1636 1783 omnibus
1663 1723 1815 1788 unam

122 1862 128 1873 ’
369 1853 513 1974 Ossa,
543 1893 707 1977 eruor,
733 1893 892 1974 venae,
920 1856 1072 1974 calor,
1098 1852 1298 1972 humor,
1324 1857 1529 1978 viscera,
1555 1861 1695 1961 nervi

369 2027 717 2149 Constituant,
745 2042 864 2169 qnae
890 2053 1009 2131 sunt
1031 2065 1184 2166 porro
1210 2028 1449 2130 distantia
1475 2031 1627 2170 longe

190 2204 210 2243 ⁰
367 2201 614 2305 Dissimili
642 2184 864 2344 perfecta
888 2203 1054 2342 figura
1069 2204 1449 2341 principiorum.

431 2373 745 2513 Tum'porro
770 2378 1228 2515 quaeeunque'igni
1253 2379 1510 2479 flammata
1533 2400 1839 2505 cremantur,

366 2546 421 2649 Si
447 2550 517 2649 nil
545 2571 809 2688 praeterea,
835 2572 1008 2650 tamen
1033 2588 1098 2650 ex
1117 2589 1170 2651 se
1196 2590 1254 2652 ea
1276 2591 1490 2690 corpora
1513 2554 1745 2678 tradunt,

365 2717 518 2826 Unde
542 2724 715 2862 ignem
730 2724 919 2860 jacere,
945 2725 1195 2826 etlumen
1223 2707 1519 2827 submittere
1544 2732 1754 2866 possint,

294 2882 296 2888 ’
365 2897 722 3037 Scintillasque
746 2888 911 3035 agene,
940 2936 997 2999 ac
1021 2899 1122 2998 late
1149 2899 1352 3000 differre
1378 2899 1618 3006 favillam.

366 3070 568 3175 Caetera
590 3071 838 3174 consimili
863 3075 1048 3174 mentis
1069 3075 1263 3174 ratione
1289 3090 1582 3211 peragram,

368 3222 601 3350 Invenies
625 3247 762 3346 intus
788 3247 1060 3348 multarum
1086 3248 1277 3348 semina
1301 3285 1471 3350 rerum

367 3423 593 3564 Corpore
619 3425 798 3549 celare,
823 3443 875 3524 et
898 3422 1059 3522 varias
1086 3419 1323 3522 cohibere
1346 3421 1554 3559 figuras.
1655 3439 1656 3448 '

431 3601 673 3739 Denique
694 3596 1033 3716 multa‘vides,
1061 3593 1250 3733 quibus
1275 3619 1328 3697 et
1349 3599 1478 3702 odor
1501 3623 1557 3702 et
1572 3640 1726 3740 sapor
1748 3642 1852 3706 una
2001 3609 2036 3723 s

262 3806 265 3811 ’
359 3775 584 3878 Reddita
615 3797 748 3895 sunt,
775 3810 932 3913 quom
957 3771 1157 3894 adoles3
1183 3773 1414 3911 inprimis
1439 3777 1684 3915 pleraque
1698 3776 1853 3900 dona,

359 3950 646 4088 Relligione
673 3951 898 4048 animum
924 3948 1066 4084 turpi
1082 3951 1471 4086 quom'tangere
1495 3969 1662 4087 parto.
2022 3942 2026 3947 ’

199 4179 202 4182 ·
359 4125 488 4227 Haec
514 4125 671 4261 igitur
693 4123 846 4224 variis
873 4122 1064 4224 debent
1087 4144 1322 4225 constare
1344 4122 1550 4260 liguris:
1717 4134 1720 4139 ’
1820 4130 1824 4137 ’

359 4299 530 4404 Nidor
554 4301 689 4401 enim
714 4319 964 4436 penetrat,
992 4337 1096 4437 qua
1121 4335 1297 4399 suoous
1324 4335 1427 4396 non
1451 4298 1568 4398 itin
1595 4319 1766 4422 artus3

360 4473 550 4577 Sueous
575 4477 696 4575 item
722 4511 963 4594 seorsum,
989 4495 1041 4572 et
1059 4508 1283 4573 seorsum
1308 4506 1457 4606 sapor
1481 4470 1766 4613 insinuatur

359 4647 618 4768 Sensibus,
643 4671 704 4748 ut
719 4686 895 4749 noscas
918 4648 1076 4786 privis
1102 4642 1304 4746 differre
1332 4643 1524 4787 figuris.

358 4822 643 4924 Dissimiles
666 4824 825 4961 igitur
848 4823 1024 4923 formae
1043 4821 1386 4958 glomeramen
1409 4820 1650 4918 inunum

360 4995 715 5101 Conveniunt:
756 5020 807 5098 et
830 5035 909 5098 res
933 4995 1175 5134 permisto
1201 4980 1392 5091 semine
1415 5013 1665 5092 constant.
1724 4989 1729 4996 ’

428 5170 571 5293 Quin
597 5174 748 5274 etiam
772 5173 961 5312 passim
987 5169 1176 5272 nostris.
1194 5142 1249 5268 in
1272 5165 1501 5270 uersibus
1526 5165 1654 5306 ipsis
