4598 6112
417 490 516 624 186
592 546 651 632 r.
704 498 1129 633 nuonnrn
1180 541 1391 634 cunr
1442 542 1728 656 muru.

413 787 925 926 Quadrupedumque
952 788 1112 924 magis
1137 787 1257 906 ritu,
1284 789 1589 927 plerumque
1616 800 1866 926 putantur

413 963 695 1102 Concipere
723 1001 918 1082 uxoreS,
947 965 1069 1102 quia
1096 964 1164 1062 sic
1190 962 1299 1062 loca
1325 1001 1522 1093 sumere
1549 989 1760 1101 possunt

409 1133 709 1237 Pectoribus
735 1137 926 1273 positis,
955 1135 1165 1235 sublatis
1192 1136 1383 1234 semina
1406 1136 1608 1239 lumbis.

411 1309 526 1412 Nec
553 1313 729 1412 molles
753 1349 881 1447 opus
908 1334 1027 1411 sunt
1051 1334 1218 1410 motus
1243 1309 1488 1411 uxoribus
1515 1309 1707 1412 hilum:

409 1481 550 1584 Nam
578 1486 758 1584 mulier
783 1483 1021 1620 prohibet
1046 1523 1097 1583 se
1123 1486 1405 1622 concipere,
1433 1510 1589 1625 atque
1614 1515 1883 1630 repugnat,

408 1654 660 1757 Cluuibus
686 1658 795 1793 ipsa
821 1658 913 1756 viri
941 1655 1191 1759 Venerem
1217 1660 1257 1757 si
1283 1659 1401 1760 laeta
1425 1685 1661 1763 retractet
1676 1704 1690 1790 3

406 1829 581 1969 Atque
607 1852 836 1929 exossato
861 1831 960 1930 ciet
975 1796 1120 1929 'omni
1147 1856 1350 1968 pectore
1376 1837 1588 1939 fluctus:

407 2001 544 2103 Eicit
569 2005 703 2104 enim
730 2003 926 2103 sulcum
954 1988 1093 2103 recta
1112 2008 1317 2143 regione
1343 2011 1529 2150 viaque

410 2174 667 2297 Vomeris‚
695 2200 849 2316 atque
878 2177 996 2277 locis
1023 2182 1203 2280 avertit
1228 2186 1430 2284 seminis
1456 2186 1628 2287 ictum.

405 2351 572 2491 quue
599 2392 690 2454 sua
715 2393 865 2455 causa
890 2380 1203 2457 consuerunt
1228 2382 1390 2458 scorta
1416 2360 1621 2480 moveri,

404 2522 489 2632 Ne
517 2530 893 2665 complerentur
918 2527 1114 2650 crebr0,
1140 2531 1469 2671 gravidaeque
1487 2534 1732 2672 jacerent,

405 2699 476 2804 Et
505 2703 656 2803 simul
681 2704 792 2841 ipsa
813 2704 932 2804 viris
958 2700 1135 2804 Venus
1162 2726 1222 2804 ut
1245 2706 1537 2808 concinnior
1560 2732 1720 2810 esset:

403 2875 723 3015 Conjugibus
750 2877 888 3017 quod
917 2877 989 2976 nil
1015 2878 1198 2978 nostris
1223 2916 1353 3015 opus
1379 2916 1484 2981 esse
1509 2882 1728 2984 videtur.

472 3050 586 3154 Nec
613 3051 853 3152 divinitus
882 3053 1155 3174 interdum,
1182 3029 1501 3194 Venerisque
1527 3058 1721 3193 sagittis

399 3225 669 3330 Deteriore
696 3226 756 3326 fit
780 3250 838 3325 ut
863 3227 1025 3327 forma
1049 3231 1346 3330 muliercula
1372 3252 1597 3331 ametur:

402 3399 540 3504 Nam
568 3401 690 3500 facit
715 3401 823 3537 ipsa
850 3401 951 3500 suis
978 3402 1230 3501 interdum
1258 3401 1464 3503 foemina
1488 3402 1648 3523 scotie,
1688 3472 1691 3477 -

401 3575 779 3714 Morigerisque
807 3575 984 3695 modis,
1012 3598 1064 3675 et
1088 3575 1278 3677 munde
1299 3613 1509 3714 corpore
1529 3577 1684 3698 cult0,

399 3755 476 3860 Ut
500 3756 645 3856 facile
671 3755 921 3854 insuescat
947 3793 1116 3855 secum
1142 3755 1218 3854 vir
1243 3752 1426 3890 degere
1451 3752 1622 3874 vitam.

474 3930 629 4051 Quod
659 3950 903 4068 superest,
925 3924 1239 4029 consuetudo
1265 3926 1533 4027 concinnat
1558 3964 1810 4056 amorem3

400 4107 541 4211 Nam
567 4108 745 4209 leviter
770 4104 1014 4243 quamvis,
1038 4098 1176 4240 quod
1204 4097 1380 4200 crebro
1405 4101 1643 4200 tunditur
1666 4101 1786 4224 ictu,
1862 4182 1866 4191 .

397 4284 636 4387 Vincitur
661 4246 713 4382 in
739 4283 893 4418 longo
919 4278 1081 4415 spatio
1105 4298 1292 4394 tamen,
1318 4295 1472 4411 atque
1499 4272 1735 4415 labascit:

398 4458 590 4561 Nonne
616 4456 770 4576 vides,
797 4454 948 4553 etiam
975 4472 1144 4588 guttas
1169 4450 1222 4547 in
1249 4486 1369 4548 saxa
1393 4445 1648 4548 cadenteis

398 4608 819 4766 Humorislongo
846 4624 898 4724 in
925 4625 1087 4764 spatio
1113 4622 1423 4762 pertundere
1451 4623 1600 4722 saxal
