4598 6112
375 601 487 712 rso
717 600 778 693 r.
824 599 1569 727 'nocuum-cunr

377 861 424 966 Ε
448 863 597 965 simili
622 901 787 983 causa,
812 885 865 962 et
888 899 1133 962 concursu
1159 882 1309 960 natus
1332 860 1526 965 eodem.
1554 936 1560 943 -
1722 866 1725 871 ’

447 1034 562 1139 Hoc
586 1039 738 1139 etiam
763 1057 912 1175 pacto
936 1035 1128 1136 volucri
1151 1032 1264 1134 loca
1282 1034 1478 1136 ¹lumine
1502 1039 1713 1176 tingunt
1866 1044 1872 1123 Ϊ

376 1207 576 1331 Nubes,
604 1232 657 1310 et
677 1211 896 1311 tremulo
920 1233 1193 1346 tempestas
1208 1209 1405 1344 impete
1430 1210 1612 1349 fulgin

296 1477 303 1487 .
373 1380 689 1486 Ventusnbi
716 1384 897 1483 invasit
920 1381 1128 1505 nubem,
1154 1403 1206 1483 et
1228 1404 1453 1485 versatus
1477 1383 1667 1486 ibidem
1832 1460 1834 1465 -

375 1553 533 1678 Fecit,
559 1580 777 1674 utente,
802 1593 991 1677 cavam,
1017 1555 1185 1673 docui,
1211 1555 1507 1690 spissescere
1531 1558 1755 1680 oubam„

374 1728 666 1835 Mobilitate
691 1770 783 1835 sua
805 1732 1038 1834 fervescit
1052 1773 1066 1856 ;
1102 1753 1163 1832 ut
1184 1734 1355 1834 omnia
1379 1756 1519 1835 motu

372 1903 713 2008 Percalefacta
736 1907 876 2008 vides
901 1906 1188 2009 ardescere:
1227 1906 1469 2045 plumbea
1491 1947 1610 2011 vero

376 2077 538 2182 Glans
561 2083 712 2183 etiam
740 2082 899 2218 longo
922 2118 1074 2181 cursu
1097 2083 1345 2183 volvenda
1371 2083 1620 2222 liquescit.
1676 2154 1680 2161 -
1790 2139 1794 2147 ·

374 2252 763 2394 Ergo-fervidus
779 2253 870 2377 bic
894 2255 1087 2358 nubem
1111 2295 1266 2394 quom
1292 2257 1533 2394 perscidit
1556 2282 1733 2382 atram,

196 2480 199 2487 Δ
373 2425 624 2570 Dissupat
647 2424 839 2532 ardoris
864 2430 1009 2568 quasi
1035 2465 1127 2566 per
1151 2430 1251 2530 vim
1278 2467 1516 2567 expressa
1539 2458 1753 2571 repente
1798 2475 1802 2483 ·
1953 2452 1967 2469 “

371 2603 593 2727 Semina,
621 2643 739 2746 quae
763 2602 957 2704 faciunt
981 2602 1447 2741 nictantiafulgura
1470 2609 1721 2711 flammae:

371 2775 502 2879 Inde
526 2777 951 2915 sonussequitur,
978 2774 1065 2913 qui
1091 2776 1285 2877 tardius
1311 2778 1483 2880 adlicit
1506 2783 1693 2903 aureis,¹
1795 2852 1797 2856 ,
1840 2851 1843 2856 -

371 2949 543 3072 Quam
569 2990 692 3091 qnae
711 2950 1017 3089 perveniunt
1041 2947 1214 3048 oculos
1226 2948 1302 3048 ad
1328 2951 1522 3052 lumina
1546 2978 1755 3058 nostros
1857 3020 1862 3025 -

370 3127 576 3229 Scilicet
598 3125 695 3228 boc
721 3124 892 3227 densis
914 3124 974 3225 fit
999 3120 1239 3242 nubibus,
1265 3128 1493 3226 etsintul
1518 3129 1619 3228 alte

332 3336 339 3354 ⁸
370 3299 658 3405 Exstructis
680 3301 792 3400 aliis
816 3295 938 3397 alias
961 3334 1117 3434 super
1139 3300 1329 3438 impete
1356 3304 1501 3403 miro.

442 3474 558 3579 Nec
582 3474 677 3577 tibi
702 3475 769 3575 sit
791 3471 977 3592 fraudi,
1003 3473 1143 3611 quod
1170 3513 1261 3575 nos
1283 3474 1479 3576 inferne
1504 3476 1734 3580 videmus

370 3650 762 3773 Quamsintlata
775 3646 936 3784 magis
952 3651 1942 3790 quarnsursumexstructaquidexstent3

370 3827 761 3964 Contemplator
784 3823 918 3927 enim
946 3858 1105 3961 quom
1132 3821 1391 3922 montibus·
1413 3821 1701 3926 adsimilata

368 3998 570 4106 Nubila
592 3998 874 4139 portabunt
897 3995 1034 4096 venti
1058 4018 1341 4096 transversa
1363 4032 1458 4134 per
1479 4034 1657 4123 auras3

367 4178 480 4278 Aut
506 4173 591 4275 ubi
617 4209 712 4312 per
735 4209 946 4310 magnos
969 4172 1185 4273 monteis
1208 4171 1466 4272 cumulata
1487 4172 1683 4276 videbis

368 4349 588 4486 insuper
609 4387 717 4450 esse
742 4349 853 4449 aliis
871 4346 991 4466 alia,
1017 4368 1175 4485 atque
1197 4382 1382 4483 urgere
1405 4386 1625 4486 superna
1734 4436 1737 4441 .
1783 4408 1790 4418 ·

368 4524 430 4628 ln
458 4524 672 4628 statione
696 4523 861 4622 locata
883 4521 1096 4658 sepultis
1120 4518 1352 4656 undique
1376 4522 1569 4624 ventis:

365 4698 499 4799 Turn
526 4697 716 4836 poteris
741 4729 951 4832 magnas
974 4692 1150 4792 moleis
1173 4731 1475 4832 cognoscere
1495 4732 1705 4821 eorum‚·
1853 4700 1857 4708 ’

367 4873 753 5011 Speluncasque
776 4870 918 4972 velut
941 4870 1075 4970 saxis
1095 4866 1438 5005 pendentibus
1459 4893 1677 4974 structas
1853 4878 1856 4885 ⁴

369 5049 609 5167 Cernere,
636 5082 765 5188 quas
787 5042 926 5146 venti
952 5078 1126 5180 quom,
1151 5063 1452 5180 tempestate
1475 5071 1660 5168 coorta,

366 5220 723 5357 Complerunt‚
746 5255 934 5357 magno
956 5213 1291 5354 indignantur
1313 5254 1573 5323 murmure
1595 5221 1754 5325 clausi
