4598 6112
457 499 563 594 tls
801 506 869 592 T.
930 502 1361 596 LUCRETIJ
1427 503 1640 596 CARI

460 761 585 865 Esse
609 785 778 900 potest
802 765 985 884 anima,
1014 801 1181 902 neque
1208 802 1430 865 seorsum
1455 765 1648 902 lingua,
1687 775 1780 866 nco
1806 802 1950 899 aures

457 940 671 1079 Absque
696 942 864 1042 anima
886 978 981 1078 per
1006 979 1059 1039 se
1084 962 1298 1078 possunt
1322 940 1526 1059 sentire,
1539 979 1646 1075 xnee
1673 979 1795 1043 esse.

529 1114 599 1218 Et
624 1119 865 1256 quoniam
884 1139 992 1217 toto
1018 1116 1261 1216 sentimus
1285 1152 1498 1252 corpore
1523 1086 1685 1215 inesse

458 1289 682 1395 Vitalem
708 1331 926 1412 sensum,
953 1313 1005 1391 ct
1028 1302 1194 1392 totdm
1220 1327 1325 1388 esse
1351 1290 1567 1389 animale
1590 1290 1839 1411 videmus,

461 1467 516 1568 Si
542 1467 710 1569 subito
736 1467 962 1568 medium
984 1467 1138 1567 celeri
1164 1463 1455 1617 praeciderit
1480 1467 1585 1567 ictu
1702 1552 1707 1561 .
1756 1461 1757 1464 Ὺ
1789 1502 1796 1509 ·

458 1642 552 1744 Vis
579 1644 766 1783 aliqua,
795 1665 854 1743 ut
879 1681 1102 1744 seorsum
1126 1664 1323 1780 partem
1348 1664 1576 1762 secernat
1600 1665 1902 1782 utramque3

460 1817 745 1957 Dispertita
768 1818 1108 1954 proculdubio
1134 1858 1341 1959 quoque
1366 1818 1439 1918 vis
1466 1818 1667 1937 animai,

462 1994 531 2096 Et
556 1994 760 2095 discissa
785 1995 934 2094 simul
959 2033 1076 2095 cum
1101 2032 1311 2132 corpore
1338 1992 1646 2130 disjiciatur:

460 2173 533 2273 At
558 2169 700 2311 quod
728 2168 991 2290 scinditur,
1019 2194 1072 2271 et
1096 2172 1283 2309 parteis
1310 2168 1525 2271 discedit
1549 2170 1601 2268 in
1629 2167 1774 2288 ullas,

459 2346 666 2447 Scilicet
690 2365 933 2444 aeternam
957 2343 1055 2443 sibi
1081 2368 1314 2445 naturam
1335 2344 1515 2445 abnuit
1539 2381 1700 2475 esse„

464 2518 739 2621 Falciferos
764 2542 1048 2619 memorant
1073 2558 1250 2620 currus
1275 2518 1570 2621 abscindere
1593 2514 1820 2619 membra

462 2693 611 2833 Saepe
637 2697 708 2795 ita
731 2691 965 2794 desubito
990 2694 1233 2829 permista
1256 2670 1395 2794 cade
1421 2694 1676 2811 calenteis,

462 2867 538 2974 Ut
562 2892 778 2971 tremere
803 2870 853 2968 in
881 2889 1017 2967 terra
1041 2867 1274 2969 videatur
1298 2865 1363 2968 ab
1389 2866 1603 3009 artubus
1628 2868 1687 2967 id
1708 2866 1850 3007 quod

404 3046 410 3055 ’
463 3040 1959 3183 Deciditabscissurn3quommenstamenatquehominisvis
2012 3018 2026 3045 ⁶

447 3217 754 3335 ‚Mobilitate
780 3219 898 3319 mali
924 3257 1034 3318 non
1054 3221 1167 3357 quit
1193 3222 1380 3321 sentire
1405 3218 1663 3357 dolorem:

463 3391 533 3495 Et
558 3395 708 3495 simul
733 3396 783 3495 in
810 3431 1002 3532 pugnae
1031 3396 1201 3497 studio
1227 3397 1369 3537 quod
1395 3394 1570 3496 dedita
1593 3432 1735 3509 mens
1760 3364 1864 3515 est,*

464 3567 692 3708 Corpore
718 3608 833 3669 cum
858 3569 1058 3707 reliquo
1082 3609 1311 3711 pugnam
1339 3574 1626 3714 caedeisque
1652 3573 1883 3711 petissit3

465 3744 580 3846 Nec
605 3768 760 3865 tenet,
789 3745 1020 3844 amissam
1046 3743 1223 3847 laevam
1249 3787 1368 3849 cum
1394 3750 1621 3886 tegmine
1649 3785 1784 3885 saepe

463 3920 606 4021 lnter
630 3960 788 4061 equos
814 3919 1048 4020 abstraxe
1075 3946 1208 4024 rotas
1234 3924 1513 4065 falceisque
1538 3927 1800 4064 rapaceis:

460 4095 580 4198 Nee
606 4096 841 4208 cecidisse
868 4096 995 4195 alius
1022 4095 1269 4221 dextram,
1298 4141 1453 4240 quom
1481 4102 1693 4222 scandit,
1722 4125 1773 4202 et
1791 4103 1958 4208 instat.

465 4271 594 4373 Inde
620 4273 747 4371 alius
773 4295 985 4373 conatur
1009 4274 1249 4415 adempto
1276 4319 1483 4420 surgere
1505 4317 1666 4398 crure,

467 4449 639 4570 Quom
666 4449 851 4586 digitos
876 4449 1036 4586 agitat
1060 4475 1272 4588 propter
1296 4452 1632 4556 moribundus
1659 4451 1801 4553 humi
1827 4493 1947 4593 pes:

466 4623 536 4726 Et
559 4647 715 4762 caput
735 4598 1028 4744 abscissum,
1056 4626 1219 4727 calido
1243 4629 1546 4768 viventeque
1571 4651 1769 4747 trunc0‚

467 4805 647 4906 Servat
674 4802 817 4905 humi
844 4802 1037 4903 voltum
1062 4803 1266 4904 vitalem
1292 4805 1568 4945 oculosque
1592 4805 1845 4944 patenteis

467 4980 647 5082 Donec
673 4980 934 5119 relliquias
961 4979 1147 5079 animai
1172 4979 1397 5081 reddidit
1422 4983 1630 5082 omneis,
1665 5104 1674 5121 ⁹
1833 5063 1839 5072 .

395 5237 404 5249 .
463 5153 613 5286 <Quin
638 5157 789 5255 etiam
816 5154 911 5255 tibi
938 5157 979 5257 si
1002 5155 1183 5294 lingua
1205 5156 1436 5327 vibrante
1464 5157 1700 5259 minantis
