4598 6112
759 494 1038 586 ιιιιιιιι
1102 437 1587 593 snouuous}
1830 489 1904 596 aa
1990 610 1993 626 ¹

376 852 380 861 .
403 749 502 854 Per
526 749 748 855 Veneris
767 784 865 872 res,
893 778 1039 857 extra
1062 756 1308 881 homines,
1336 760 1581 880 armenta,
1606 757 1864 900 ferasque..

472 926 628 1050 Quod
654 931 695 1030 si
719 927 850 1029 forte
876 967 1024 1032 suum
1051 932 1317 1036 dimittunt
1341 937 1552 1072 corpore
1578 970 1806 1058 sensum,
1905 946 1910 953 ’

375 1102 377 1105 ’
399 1103 573 1243 Atque
598 1072 755 1207 alium
779 1105 1006 1243 capiunt,
1028 1109 1156 1246 quid
1180 1146 1310 1247 opus
1334 1106 1437 1209 fuit
1460 1106 1688 1230 attribui,
1719 1113 1864 1250 quod
1897 1107 1900 1111 ’

401 1277 740 1383 Detrahiturl
763 1278 909 1382 Tum
930 1304 1196 1421 praeterea,
1218 1281 1388 1423 (quod
1412 1281 1638 1429 fugimus
1663 1292 1830 1426 anta)

402 1454 710 1578 Quatenus
697 1498 752 1560 ιιι
776 1458 961 1597 pullos
969 1458 1226 1558 animaleis
1249 1458 1436 1558 vertier
1453 1497 1602 1561 ova
1710 1544 1716 1553 .

403 1629 671 1736 Cernimus
695 1635 929 1754 alituum,
951 1635 1275 1771 vermeisque
1296 1631 1557 1753 effervere,
1579 1651 1771 1738 terram
1816 1654 1821 1667 '

400 1803 789 1947 Intempestivos
816 1846 973 1948 quom
997 1832 1184 1948 putror
1204 1808 1341 1947 oepit
1364 1806 1432 1909 ob
1456 1807 1680 1933 imbreis,
1775 1812 1778 1817 ⁴
1890 1804 1895 1817 ’

401 1977 540 2082 Scire
566 1981 685 2082 lieet
709 1982 853 2120 gigni
877 2016 1030 2119 posse·
1052 2020 1117 2082 ex
1141 2019 1247 2083 non
1271 1980 1503 2085 sensibus
1528 2022 1722 2089 sensus.

471 2151 628 2275 Quod
654 2154 850 2258 si'forte¹
877 2157 1066 2296 aliquis
1088 2155 1252 2277 dicet,
1266 2156 1518 2260 duntaxat
1541 2134 1666 2260 oriri
1705 2242 1708 2247 .
1770 2242 1775 2253 ,

400 2325 552 2431 Posse
579 2369 644 2431 ex
669 2368 941 2432 non-sensu
964 2367 1155 2452 sensus,
1176 2328 1515 2432 mutabilitate
1664 2407 1668 2427 .

397 2503 551 2626 Ante,
579 2507 752 2648 aliquo
778 2509 1025 2648 tanquam
1049 2528 1219 2646 partu,
1246 2544 1400 2647 quam
1422 2506 1662 2645 proditur
1686 2512 1859 2611 extra:

398 2677 536 2782 Huic
563 2683 701 2783 satis
706 2681 838 2783 illud
861 2684 960 2783 erit
973 2677 1209 2823 planum
1221 2680 1409 2806 faeere,
1431 2707 1587 2825 atque
1610 2685 1850 2865 probare,

399 2853 524 2959 Non
549 2859 660 2959 fieri
679 2882 902 2999 partum,
929 2861 1025 2960 nist
1012 2861 1263 2962 coneilio
1288 2882 1405 2962 ante
1432 2884 1640 2987 coaeto;

399 3028 519 3133 Nec
541 3035 840 3135 commutari
867 3033 1213 3173 quidquam
1176 3071 1283 3136 stne
1309 3035 1579 3149 conciliatu

397 3202 701 3322 Primorum,
727 3232 786 3311 ut
810 3231 1077 3349 nequeunt
1099 3209 1252 3309 ullius
1277 3208 1499 3347 eorporis
1523 3247 1630 3311 esse

400 3380 589 3486 Sensus
615 3409 732 3486 ante
758 3387 919 3524 ipsam
945 3385 1170 3523 genitam
1194 3405 1428 3485 naturam
1453 3387 1744 3489 animantis.
1888 3429 1892 3438 ¹

402 3555 664 3660 Nimirum
692 3562 815 3700 qaia
834 3560 1071 3661 materies-
1092 3559 1301 3698 disjecta
1324 3581 1528 3660 tenetur

396 3734 548 3857 Aiire,
574 3734 891 3859 fluminibus,
918 3735 1081 3855 terris,
1107 3736 1418 3872 flammaque
1437 3735 1652 3836 creatis:

398 3904 454 4010 N
456 3948 513 4010 ee
539 3948 807 4048 congressa
830 3910 988 4011 modo
1006 3908 1202 4010 vitaleis
1224 3909 1545 4009 convenienti

401 4080 637 4183 Contulit
660 4085 795 4185 inter
819 4123 870 4185 se
895 4062 1078 4204 motus,
1107 4081 1296 4222 quibus
1319 4084 1667 4184 omnituentes

396 4259 613 4360 Accensi
639 4256 814 4360 sensus
839 4260 1143 4359 animantem
1173 4294 1431 4398 quamque
1456 4279 1688 4362 tuentur..

469 4431 726 4535 Praeterea
750 4436 980 4572 quamvis
1006 4410 1314 4536 animantem
1338 4431 1582 4571 grandior
1604 4433 1755 4556 ictus,

400 4605 570 4729 Quam
588 4610 783 4747 patitur
807 4621 1008 4733 natura,
1030 4631 1239 4749 repente
1265 4608 1481 4748 adfligit,
1502 4633 1555 4710 et
1576 4610 1777 4710 omneis

402 4779 659 4923 Corporis,
686 4805 846 4923 atque-
860 4787 1015 4887 animi
1040 4784 1212 4923 pergit
1235 4782 1547 4884 confundere
1572 4781 1769 4886 sensus,
1847 4873 1850 4879 .

398 4953 763 5061 Dissolvuntur
786 4962 921 5061 enim
946 4960 1189 5099 positurae
1213 4957 1608 5096 principiorum,

399 5127 470 5235 Et
493 5134 698 5275 penitus
723 5157 898 5276 motus-
915 5136 1092 5242 vitales
1116 5128 1495 5275 impediuntur,

1108 5314 1172 5363 ut>
1311 5302 1317 5311 ‘
