4598 6112
447 449 517 553 54
780 459 860 567 T..
908 454 1336 548 LUCRETII
1400 452 1611 547 CARI

450 716 741 854 Tantopere
765 714 1001 818 humanis
1026 714 1306 816 rationibus
1331 714 1672 836 admoderate,

450 893 705 1032 Tempora
728 915 926 998 mutare
953 930 1220 1012 annorum,
1247 860 1523 1029 frugesque
1549 929 1748 1016 creare3

454 1065 570 1171 Neo
587 1068 695 1207 jam
721 1089 918 1190 caetera,
948 1064 1198 1167 mortaleis
1225 1103 1342 1204 quae
1368 1064 1546 1166 suadet
1570 1065 1725 1186 adire,

457 1240 682 1385 Ipsaque
709 1244 917 1346 deducit
941 1243 1047 1344 dux
1072 1245 1189 1344 vitae
1216 1241 1301 1342 dia
1323 1241 1572 1377 voluptas,
1645 1304 1646 1308 κ

455 1418 532 1524 Ut
555 1459 634 1522 res
658 1457 752 1559 per
775 1418 989 1522 Veneris
1015 1415 1282 1516 blanditim
1309 1415 1456 1516 saecla
1482 1388 1785 1554 propagent,

458 1593 543 1698 Ne
568 1633 730 1736 genus
755 1593 952 1696 occidat
977 1589 1288 1692 humanum:
1328 1627 1545 1729 quorum
1570 1590 1740 1689 omnia
1765 1624 1914 1691 causa

459 1768 792 1886 Constituisse
818 1770 938 1871 deos
965 1768 1186 1906 fingunt,
1214 1765 1299 1867 sed
1328 1767 1379 1865 in
1406 1763 1643 1867 omnibus
1667 1763 1819 1866 rebus

457 1939 776 2084 Magnopere
803 1981 832 2042 a
856 1980 974 2045 vera
998 1942 1125 2079 lapsi
1151 1941 1344 2047 ratione
1369 1940 1623 2040 videntur.

460 2113 600 2219 Nam
626 2118 857 2258 quamvis
882 2156 1051 2218 rerum
1077 2117 1305 2255 ignorem
1331 2116 1610 2254 primordia
1633 2154 1752 2255 qnae
1780 2114 1895 2232 sint,

460 2290 574 2394 Hoc
599 2312 769 2393 tamen
796 2332 859 2394 ex
886 2294 1014 2431 ipsis
1033 2290 1452 2415 ooeli'rationibus
1476 2294 1638 2392 ausim

460 2463 793 2587 Confirmare‚
821 2467 1034 2606 aliisque
1060 2505 1124 2567 ex
1149 2465 1303 2568 rebus
1327 2467 1539 2569 reddere
1559 2467 1750 2586 multis,

461 2637 812 2781 Nequaquam
838 2640 984 2742 nobis
1010 2639 1253 2742 divinitus
1278 2681 1385 2743 esse
1410 2664 1632 2744 creatam

460 2813 715 2917 Naturam
741 2816 937 2937 mundi,
964 2796 1083 2957 quae
1109 2822 1254 2917 tanta
1277 2839 1354 2917 est
1372 2816 1587 2955 praedita
1611 2816 1790 2955 eulpa:

461 2989 595 3112 Quae
621 2990 722 3093 tibi
744 2992 1009 3134 posterius,
1039 2990 1271 3112 Memmi,
1296 2990 1539 3094 faciemus
1565 3015 1741 3131 aperta
1756 3033 1770 3116 ;
1859 3069 1866 3122 ,

225 3305 233 3315 ι
462 3164 619 3269 Nune
644 3167 698 3268 id
725 3167 864 3307 quod
891 3191 1120 3308 superest
1145 3169 1209 3270 de
1236 3165 1459 3268 motibus
1484 3167 1847 3306 expediemus,
1949 3290 1955 3303 ι

534 3341 692 3444 Nune
707 3342 846 3442 loeus
862 3366 939 3443 est
952 3348 1039 3482 (ut
1051 3346 1257 3485 opinor)
1272 3345 1324 3445 in
1342 3341 1420 3444 bis
1434 3342 1562 3444 illud
1580 3380 1787 3482 quoque
1803 3339 1956 3443 rebus

464 3514 778 3619 Confirmata
803 3515 914 3638 tibi,
940 3518 1132 3620 nullam
1159 3523 1265 3619 rem
1291 3556 1437 3657 posse
1461 3519 1625 3620 suavi

465 3690 774 3832 Corpoream
800 3728 998 3792 sursum
1024 3690 1161 3814 ferri,
1189 3731 1494 3832 sursumque
1519 3731 1716 3820 meare3

465 3866 552 3969 Ne
576 3865 672 3967 tibi
699 3865 824 3965 dent
847 3865 900 3964 in
926 3903 986 3964 eo
1005 3865 1325 3967 flammarum
1350 3905 1562 4007 corpora
1585 3867 1849 3974 fraudem:
1869 3969 1871 3972 ,

466 4041 679 4142 Sursum
701 4040 838 4139 enim
856 4077 1030 4141 vorsus
1051 4041 1351 4180 gignuntur,
1378 4067 1432 4144 et
1457 4047 1698 4185 augmina
1716 4070 1956 4173 sumunt3

465 4215 535 4318 Et
559 4252 759 4318 sursum
784 4214 962 4315 nitidae
986 4214 1176 4355 fruges,
1192 4208 1515 4360 arbustaque
1540 4188 1791 4344 creseunt,

462 4390 712 4510 Pondera,
752 4391 1082 4528 quantumin
1109 4430 1162 4491 se
1188 4415 1279 4512 est,
1318 4430 1478 4532 quom
1513 4393 1749 4496 deorsum
1774 4419 1959 4499 cuncta

602 4563 848 4696 ferantur.

465 4738 579 4842 Nec
607 4778 765 4879 quom
779 4736 1065 4855 subsiliunt
1086 4735 1232 4882 ignes
1258 4743 1322 4843 ad
1348 4764 1483 4845 tecta
1508 4742 1793 4868 domorum,

465 4911 534 5014 Et
554 4914 704 5014 celeri
732 4915 936 5015 flamma
961 4912 1236 5055 degustant
1259 4921 1405 5059 tigna
1429 4919 1739 5061 trabeisque,
1855 4940 1858 4947 ’

464 5086 658 5227 Sponte
678 5126 768 5189 sua
781 5088 945 5193 facere
961 5088 1031 5211 id,
1049 5093 1155 5194 sine
1171 5094 1219 5196 vi
1239 5093 1525 5235 subigente,
1546 5098 1832 5235 putandum
1854 5091 1957 5204 est:
