4598 6112
64 578 70 587 .
159 525 161 528 ’
254 479 355 635 eso
584 486 1140 619 nnucnnrrr
1207 521 1417 614 cunr

191 780 193 786 ‚
260 799 581 900 Commutare
606 785 746 887 novis
771 745 1119 884 monstrabant
1142 778 1310 899 rebus,
1338 801 1390 878 et
1413 778 1538 916 igni,

204 1060 209 1069 .
257 969 471 1108 Ingenio
497 964 585 1102 qni
611 957 939 1098 praestabant,
966 977 1019 1054 et
1043 952 1194 1053 corde
1220 950 1476 1090 vigebant.

328 1139 560 1241 Condere
583 1154 850 1270 ‚coeperunt
874 1126 1058 1247 urbeis,
1080 1166 1348 1265 arcemque
1374 1128 1540 1265 locare

255 1313 555 1417 Praesidium
580 1344 724 1445 reges
748 1307 844 1443 ipsi
869 1303 982 1423 sibi,
1002 1304 1430 1443 perfugiumque:
1485 1278 1491 1285 ⁴

256 1489 327 1590 Et
352 1485 587 1626 pecudes,
615 1503 667 1579 et
691 1515 838 1615 agros
864 1475 1094 1595 divisere,
1123 1498 1278 1615 atque
1304 1461 1491 1577 dedere

256 1657 356 1759 Pro
380 1657 506 1757 facie
532 1651 796 1788 cujusque,
824 1671 876 1749 et
895 1647 1099 1772 viribus,
1126 1650 1467 1790 ingenioque:

255 1829 392 1933 Nam
418 1828 568 1927 facies
594 1824 809 1922 multum
835 1822 1010 1942 valuit,
1036 1823 1271 1964 viresque
1296 1824 1556 1964 vigebant.

138 2098 144 2107 .
254 2003 510 2104 Posterius
533 1999 841 2100 resinventa
865 2018 956 2116 est,
984 2035 1268 2139 aurumque
1294 2023 1572 2137 repertum,

254 2175 411 2297 Quod
437 2174 581 2274 facile
606 2193 658 2270 et
681 2168 859 2270 validis
885 2192 936 2269 et
961 2169 1187 2306 pulchris
1213 2175 1436 2314 dempsit
1459 2174 1722 2281 honorem.

254 2348 518 2452 Divitioris
540 2346 674 2444 enim
698 2365 887 2442 sectam
912 2343 1219 2487 plerumque
1245 2374 1535 2490 sequuntur

254 2518 569 2644 Quamlubet
595 2541 647 2618 et
671 2515 841 2636 fortes,
862 2540 916 2617 et
938 2519 1153 2656 pulchro
1180 2561 1390 2663 corpore
1414 2526 1559 2631 creti.

323 2692 476 2814 Quod
502 2691 660 2828 siquis
683 2727 803 2789 vera
825 2691 980 2790 vitam
1005 2694 1199 2793 ratione
1224 2695 1495 2833 gubernet,

253 2870 461 2974 Divitiae
486 2837 704 3006 grandes
729 2860 922 2965 homini
944 2887 1083 2983 sunt,
1108 2867 1276 2968 vivere
1300 2907 1452 3007 parce

55 3032 58 3039 ¹
251 3041 819 3181 AEquonnim03neque
836 3038 970 3138 enim
986 3060 1310 3179 estnequam
1327 3044 1563 3180 paenuria
1580 3048 1749 3181 parvi:

251 3219 323 3320 At
347 3217 504 3318 claros
530 3251 580 3314 se
605 3213 835 3313 homines
860 3214 1063 3312 voluere
1087 3249 1213 3332 esse,
1241 3236 1398 3351 atque
1425 3220 1696 3354 potenteis,

256 3390 328 3496 Ut
351 3388 681 3490 fundamento
705 3384 874 3485 stabili
898 3383 1106 3488 fortuna
1130 3411 1373 3509 maneret,

139 3561 140 3564 Ὺ
254 3563 323 3666 Et
346 3547 595 3699 placidam
618 3568 829 3697 possent
851 3559 1082 3696 opulenti
1108 3559 1295 3698 degere
1312 3563 1498 3664 vitam:

170 3799 174 3805 ·
252 3735 639 3875 Nequidquam3
658 3730 1773 3872 quoniamadsummumsuccederehonorem

253 3911 536 4028 Certantes,
561 3908 659 4009 iter
682 3905 925 4006 infestum
949 3903 1111 4005 fecere
1137 3906 1251 4028 vini.

249 4087 322 4190 Et
344 4109 511 4186 tamen
540 4121 567 4182 e
592 4118 790 4182 summo
815 4079 959 4218 quasi
984 4079 1176 4215 fulmen
1203 4081 1377 4221 dejicit
1400 4086 1525 4187 ictos

253 4259 453 4364 Invidia
475 4256 733 4360 interdum
758 4257 1088 4394 contemptim
1113 4258 1163 4358 in
1190 4255 1404 4360 Tartara
1427 4283 1588 4365 tetra:

252 4431 331 4537 Ut
353 4432 507 4534 satius
531 4428 693 4530 multo
710 4428 819 4567 jam
840 4430 910 4530 sit
931 4468 1110 4568 parere
1136 4432 1385 4571 quietum,

179 4624 185 4631 '
252 4604 421 4728 Quam
450 4599 624 4743 regere
648 4601 862 4741 imperio
886 4639 965 4703 res
988 4602 1136 4725 velle,
1159 4628 1216 4705 et
1239 4642 1399 4744 regna
1421 4629 1613 4715 tencre.

249 4776 491 4900 Proinde,
518 4776 641 4895 sine,
663 4773 912 4876 incassum
938 4775 1120 4879 defessi
1146 4783 1393 4919 sanguine
1419 4786 1608 4889 sudent
1623 4814 1640 4915 ᾗ

253 4955 545 5087 Angustum
570 4986 664 5087 per
687 4929 1055 5052 iterluctantes
1081 4952 1399 5082 ambitionis3

253 5120 453 5227 Invidia
475 5124 720 5265 ,quoniam
746 5163 833 5227 seu
857 5125 1069 5231 fulmine
1096 5167 1289 5232 summa
1314 5159 1561 5273 vaporant
1646 5269 1653 5275 ·
