4598 6112
448 500 518 599 ,aa
789 507 849 595 r.
915 501 1620 619 nucnnrtrcnnl
1684 470 1701 495 ”

455 763 690 910 Quarum
715 764 789 866 nil
816 803 988 866 rerum
1014 766 1069 865 i'n
1091 764 1246 902 lignis
1271 762 1540 902 glebisque
1564 722 1813 864 videmus,

436 919 524 1041 ’Et
537 963 710 1041 tamen
725 938 837 1041 haec
854 978 1012 1079 quom
1031 939 1306 1079 suntquasi
1326 938 1613 1077 putrefacta
1627 974 1721 1074 per
1734 933 1954 1069 imbrem,

453 1111 773 1218 'Vermiculos
792 1115 1017 1252 pariunt,
1046 1114 1169 1254 quia
1193 1149 1404 1250 corpora
1428 1115 1658 1213 materiai
2042 1098 2046 1103 ’

453 1282 697 1430 Antiquis
723 1329 788 1391 ex
808 1288 1080 1391 ordinibus
1105 1310 1336 1428 permota
1361 1324 1490 1387 nova
1514 1326 1585 1410 re,

424 1452 434 1466 ’
457 1461 809 1567 Conciliantur
834 1467 923 1586 ita,
949 1488 1009 1566 ut
1034 1462 1227 1566 debent
1251 1462 1487 1563 animalia
1510 1462 1671 1600 gigni.

526 1637 731 1740 Deinde
757 1678 822 1738 ex
846 1638 1115 1740 sensilibus
1142 1676 1299 1777 quom
1325 1636 1506 1738 sensile
1532 1672 1677 1773 posse
1704 1637 1862 1735 creari
2015 1633 2020 1646 ’

458 1809 806 1932 Constituunt,
832 1849 1002 1949 porro,
1027 1852 1092 1914 ex
1116 1812 1226 1912 aliis
1252 1811 1438 1911 sentire
1458 1809 1605 1929 sueti,

458 1984 641 2087 Mollia
666 2009 777 2087 tum
803 1985 1026 2129 faciunt:
1064 2023 1183 2086 nam
1209 2022 1383 2086 seusus
1401 1984 1643 2122 jungitur
1666 1983 1829 2083 omnis
1853 2095 1857 2104 ,

456 2158 766 2282 Visceribus,
793 2127 976 2282 nervis
995 2161 1152 2281 venis,
1181 2196 1507 2297 quaecunque
1532 2157 1763 2259 videmus

457 2333 640 2447 Mollia
665 2336 866 2438 mortali
891 2336 1161 2437 consistere
1187 2371 1397 2472 corpore
1423 2355 1574 2436 creta.

530 2511 631 2613 Sed
658 2533 830 2622 tamen
852 2535 964 2612 esto
976 2511 1081 2649 jam
1095 2491 1254 2648 'posse
1281 2505 1392 2610 haec
1417 2530 1609 2609 aeterna
1633 2546 1868 2614 manere:

458 2683 665 2825 Nempe
690 2709 861 2796 tamen
887 2685 1077 2790 debent
1102 2707 1191 2806 aut
1214 2721 1417 2808 sensum
1441 2685 1601 2821 partis
1626 2683 1830 2809 babere,

457 2861 568 2963 Aut
592 2861 776 2963 similia
799 2859 919 3004 totis
940 2858 1247 3007 animalibus
1267 2898 1378 2966 esse
1402 2860 1570 3000 putari
1593 2901 1604 2962 :

456 3037 530 3138 At
554 3059 813 3176 nequeant
836 3074 931 3174 per
956 3075 1007 3138 se
1033 3061 1203 3185 partes
1228 3037 1431 3158 sentire,
1459 3075 1552 3139 nec
1571 3075 1696 3169 esse.

460 3209 704 3352 Namque
730 3212 883 3324 alifim
912 3250 1085 3313 sensus
1109 3214 1453 3316 membrorum
1480 3253 1559 3316 res
1584 3217 1716 3353 petit
1737 3216 1928 3319 omnis:

452 3384 575 3501 ¹Nec
601 3425 780 3539 manus
805 3427 835 3488 a
859 3386 1005 3534 nobis
1030 3362 1163 3526 potis
1189 3413 1264 3492 est
1290 3411 1497 3509 secreta,
1525 3426 1698 3530 neque
1721 3391 1828 3491 ulla
1854 3475 1855 3480 a

440 3556 703 3698 ,Corporis
729 3560 935 3660 omnino
962 3599 1164 3663 sensum
1188 3602 1306 3703 pars
1331 3565 1437 3664 sola
1460 3586 1649 3665 tenere.

461 3733 757 3875 Linquitur,
786 3756 845 3849 ut
868 3736 987 3837 totis
1012 3737 1315 3840 animalibus
1340 3738 1707 3860 adsimilentur,

459 3906 619 4012 Vitali
645 3931 703 4012 ut
726 3910 922 4047 possint
946 3915 1228 4014 consentire
1253 3914 1484 4053 undique
1510 3950 1676 4029 sensu

308 4084 311 4088 ’
463 4085 829 4225 Qul,p0terunt
855 4086 1015 4224 igitur
1038 4127 1209 4193 rerum
1234 4089 1513 4230 primordia
1536 4088 1653 4211 dici,

461 4261 529 4364 Et
556 4258 681 4403 lethi
707 4263 863 4363 vitare
891 4262 1009 4385 vias,
1038 4265 1273 4366 animalia
1292 4305 1446 4406 quom
1473 4265 1590 4382 sint,

460 4438 635 4577 Atque
655 4433 959 4537 animalibus
984 4439 1086 4537 sint
1109 4439 1408 4539 mortalibus
1432 4473 1536 4539 una
1562 4435 1878 4577 eademque?

519 4610 686 4753 *Quod
716 4635 885 4712 tamen
911 4634 970 4720 ut
994 4610 1218 4754 possiut3
1257 4610 1322 4712 ab
1348 4635 1491 4728 coetu.
1506 4599 1838 4752 concilioque,

462 4785 556 4889 Nil
580 4787 783 4909 facient,
810 4809 998 4927 praeter
1022 4778 1226 4934 uolgum
1255 4785 1563 4931 turbamque
1588 4791 1935 4893 animantum:

463 4960 667 5063 Scilicet
692 4988 749 5064 ut
773 4984 1032 5113 nequeant
1056 4959 1301 5082 homines,
1329 4989 1571 5089 armenta,
1597 4966 1836 5111 ferreque,

462 5133 734 5273 Intersese
760 5137 917 5241 ullam
941 5173 1049 5237 rem
1073 5134 1285 5272 gignere
1311 5140 1665 5263 conveniundo
1700 5129 1704 5136 ¹
