4620 6106
402 451 507 552 Ι984
731 460 791 549 Τ.
859 455 1297 550 LUCRETII
1336 454 1581 549 ¹CARI

407 708 738 863 Quapropter
759 718 893 821 bene
918 718 1008 820 ubi
1033 718 1144 822 haec
1170 719 1466 821 confirmata
1492 699 1647 855 atque
1671 713 1836 815 locata

235 1000 240 1007 ,
409 896 599 999 Omnia
624 895 942 996 constiterint
966 894 1113 996 nobis
1138 899 1407 1035 praepdsta‚
1428 915 1634 1031 parata:

407 1068 563 1191 Quod
591 1091 836 1207 superest,
864 1068 1009 1173 facile
1037 1069 1156 1171 hinc
1183 1074 1310 1170 ratio
1336 1070 1596 1190 reddetur,
1624 1093 1676 1171 et
1699 1071 1862 1172 omnis

409 1245 577 1349 Causa
601 1246 825 1386 patefiet,
854 1283 971 1383 quae
996 1245 1117 1346 ferri
1143 1247 1369 1384 pelliciat
1392 1247 1510 1348 vim.
1539 1327 1540 1330 κ

478 1425 753 1561 Principio,
782 1424 940 1523 fluere
967 1462 995 1521 e
1019 1422 1191 1560 lapide
1212 1420 1306 1522 hoc
1326 1422 1582 1560 permulta
1608 1460 1807 1525 necesse
1827 1443 1904 1522 est

410 1602 632 1720 Semina,
660 1602 761 1700 sive
789 1620 987 1716 aestum,
1016 1597 1106 1736 qui
1133 1595 1340 1698 discutit
1365 1599 1481 1697 aera
1506 1598 1687 1737 plagis,

407 1751 551 1877 Inter
577 1776 668 1914 qui
694 1774 934 1912 lapidem,
961 1770 1256 1910 ferrumque
1284 1795 1360 1871 est
1386 1811 1590 1912 cunque
1616 1773 1823 1874 locatus.

408 1950 523 2052 Hoc
550 1950 639 2051 ubi
663 1951 888 2050 inanitur
912 1949 1148 2086 spatium,
1175 1947 1473 2085 multusque
1500 1950 1717 2049 vacuelit

410 2123 470 2226 Iu
500 2125 668 2225 medio
694 2126 849 2244 locuS,
878 2123 1135 2261 extemplo
1162 2121 1439 2258 primordia
1464 2123 1584 2223 ferri

406 2297 470 2401 ln
496 2339 709 2401 vacuum
735 2300 971 2437 prolapsa
996 2299 1188 2400 cadunt
1207 2296 1500 2435 conjuncta,
1528 2298 1587 2398 fit
1613 2321 1774 2437 utque

407 2474 646 2576 Annulus
672 2477 779 2611 ipse
807 2498 1068 2613 sequatur,
1096 2497 1279 2613 eatque
1306 2475 1376 2573 ita
1401 2512 1611 2610 corpore
1636 2496 1764 2575 tot0.

411 2649 464 2750 N
470 2690 525 2751 ec
553 2689 631 2751 res
657 2652 763 2750 ulla
788 2652 949 2790 magis
974 2649 1282 2789 primoribus
1308 2689 1372 2748 ex
1398 2650 1660 2750 elementis

352 2943 354 2947 7
408 2827 722 2967 Indupcdita
747 2829 848 2928 suis
874 2850 1009 2928 arcte
1035 2863 1263 2927 connexa
1288 2822 1526 2944 cohaeret,

409 3001 578 3124 Quam
605 3003 760 3104 validi
786 3002 905 3102 ferri
931 3024 1129 3102 naturae
1155 3001 1373 3141 frigidus
1397 2998 1589 3101 horror.

194 3202 196 3209 ’
269 3284 271 3288 ,
410 3177 530 3299 Quo
556 3181 722 3280 minus
749 3201 824 3278 est
848 3180 1050 3299 mirum,
1078 3179 1218 3318 quod
1245 3178 1419 3317 paullo
1445 3178 1668 3279 diximus
1693 3201 1827 3298 ante,

408 3353 640 3492 ⁴Corpora
665 3354 705 3453 si
733 3377 997 3490 nequeunt
1023 3353 1087 3454 de
1113 3353 1247 3454 ferro
1274 3355 1424 3493 plura
1450 3379 1621 3456 coorta

409 3527 469 3629 ln
499 3568 714 3630 vacuum
742 3528 879 3649 ferri,
908 3531 1033 3668 quin
1061 3530 1278 3638 annulus
1305 3531 1412 3669 ipse
1439 3554 1710 3670 sequatur:

410 3704 563 3825 Quod
592 3705 728 3824 facit,
756 3727 807 3804 et
833 3707 1080 3843 sequitur,
1108 3705 1269 3806 donec
1295 3707 1528 3842 pervenit
1553 3705 1618 3806 ad
1644 3707 1812 3842 ipsum

409 3877 441 3979 J
447 3917 526 3978 am
553 3877 792 4014 lapidem,
820 3879 1066 4016 caecisque
1091 3881 1142 3980 in
1172 3920 1231 3980 eo
1257 3880 1588 4021 compagibus
1614 3881 1773 3984 haesit.

415 4052 529 4155 Hoc
555 4054 614 4153 lit
639 4055 760 4154 item
787 4076 992 4155 cunctas
1017 4055 1068 4155 in
1094 4057 1283 4193 parteis
1303 4056 1441 4157 unde
1468 4057 1684 4157 vacuelit

415 4229 638 4368 Conquc
665 4231 819 4350 locus,
848 4232 949 4332 sive
976 4270 1038 4330 ex
1065 4254 1365 4353 transversO,
1387 4238 1489 4335 sive
1516 4272 1766 4371 superne3

413 4405 641 4544 Corpora
666 4407 905 4505 continuo
931 4407 983 4505 in
1010 4445 1224 4506 vacuum
1250 4409 1414 4559 vicina
1438 4409 1703 4511 feruntur:

413 4577 623 4717 Quippe
650 4580 910 4717 agitantur
935 4583 1069 4680 enim
1096 4581 1261 4719 plagis
1287 4584 1509 4704 aliunde,
1538 4622 1630 4684 nec
1655 4586 1766 4723 ipsa

414 4757 606 4895 Sponte
635 4794 724 4856 sua
751 4793 945 4855 sursum
975 4781 1187 4892 possunt
1212 4797 1516 4897 consurgere
1542 4763 1595 4862 in
1622 4800 1782 4865 auras,

486 4932 602 5034 Huc
630 4932 825 5035 accedit
850 4934 987 5052 item,
1016 4970 1174 5071 quare
1203 4957 1360 5073 queat
1385 4933 1435 5034 id
1465 4937 1624 5075 magis
1649 4975 1783 5038 esse:

415 5125 447 5165 ‘⁶
472 5106 600 5208 Haec
627 5147 834 5246 quoque
861 5148 940 5210 res
967 5109 1280 5247 adjumento,
1309 5134 1554 5250 motuque
1573 5111 1811 5250 juvatur:
