4598 6112
723 639 726 644 .
774 560 1051 650 LIBER
1115 556 1541 652 QUARTUS.
1785 554 1903 666 ’177

227 864 233 890 ¹
398 813 722 920 Conveniunt
744 820 1013 921 simulacra
1036 818 1158 920 foris
1184 859 1211 919 e
1237 857 1447 956 corpore
1474 855 1697 958 quoquc,
1788 892 1791 897 ψ

396 989 598 1094 Nuntia
621 994 851 1131 praeclari
874 993 1041 1093 voltus
1065 991 1371 1132 pulchrique
1398 993 1605 1095 coloris:

395 1164 506 1287 Qui
531 1171 630 1270 ciet
652 1169 865 1270 inritans
890 1170 1000 1271 loca
1023 1167 1232 1307 turgida
1258 1171 1445 1269 semine
1472 1170 1650 1290 multo,

396 1338 472 1443 Ut
498 1345 642 1480 quasi
668 1345 932 1445 transactis
958 1381 1092 1482 saepe
1119 1341 1357 1443 omnibus
1382 1343 1535 1444 rebus
1554 1343 1868 1482 profundant

400 1516 647 1620 Fluminis
663 1521 924 1658 'ingenteis
949 1520 1151 1637 flnctus,
1177 1540 1471 1658 vestemque
1496 1543 1779 1625 cruentant.

470 1693 782 1798 Sollicitatur
805 1696 856 1795 id
885 1695 938 1794 in
964 1692 1125 1815 nobis,
1154 1691 1293 1831 quod
1320 1690 1543 1841 diximus
1569 1718 1703 1815 ante,

338 1986 341 1991 Ι
379 1867 599 1992 ¹Sernen,
627 1870 800 1971 adulta
827 1893 948 1972 aetas
973 1907 1128 2007 quom
1154 1871 1378 2006 primum
1397 1866 1603 1969 roborat
1628 1893 1795 1972 artus:

400 2041 646 2184 Namque
669 2045 793 2146 alias
819 2046 959 2147 aliud
985 2061 1072 2146 res
1090 2067 1371 2147 commovet
1395 2065 1551 2182 atque
1576 2044 1803 2167 lacessit3
1879 2028 1883 2035 ⁴

268 2269 273 2278 ·
402 2217 483 2319 Ex
511 2217 712 2320 homine
738 2218 1021 2322 humanum
1045 2248 1216 2336 semen
1242 2221 1341 2320 ciet
1366 2216 1710 2322 una'hominis
1734 2223 1823 2323 vis,

360 2494 363 2503 .
402 2389 558 2513 Quod
583 2396 889 2532 simulatque
916 2394 1018 2496 suis
1042 2393 1260 2533 ejectum
1285 2394 1493 2533 sedibus
1519 2398 1640 2515 exit,

402 2566 503 2671 Per
528 2570 755 2673 membra
779 2592 1101 2709 atqueartus
1126 2569 1328 2670 decedit
1353 2608 1562 2709 corpore
1587 2594 1708 2671 toto¹
1795 2632 1800 2642 ·

403 2740 464 2845 In
491 2745 602 2845 loca
623 2745 926 2885 conveniens
952 2748 1218 2847 nervorum
1245 2769 1428 2881 cartag
1449 2745 1650 2884 cietque

404 2919 663 3023 Continuo
690 2922 876 3060 parteis
900 2918 1164 3057 genitaleis
1188 2918 1412 3055 corporis
1436 2920 1600 3057 ipsas:

401 3067 618 3196 Inritata
641 3116 841 3197 tument
863 3095 974 3194 loca
1001 3066 1206 3212 semine,
1227 3093 1390 3231 litque
1415 3093 1650 3193 voluntas

403 3263 601 3405 Ejicere
627 3243 698 3389 id,
726 3306 830 3407 quo
852 3306 908 3367 se
933 3262 1197 3367 contendit
1222 3265 1332 3365 dira
1355 3265 1516 3370 libido
1533 3236 1563 3393 3,

371 3426 376 3437 ⁸
403 3439 572 3581 quue
598 3445 730 3581 petit
754 3481 938 3581 corpus
963 3416 1119 3562 mens,
1147 3441 1286 3541 unde
1312 3464 1388 3541 est
1412 3443 1582 3543 saucia
1607 3475 1806 3544 amore:

406 3615 652 3763 Namque
670 3655 846 3718 omnes
866 3606 1171 3757 plerumque
1191 3616 1382 3717 cadunt
1399 3617 1452 3715 in
1471 3618 1668 3741 volnus,
1689 3640 1741 3719 ct
1758 3620 1896 3721 illam

406 3774 605 3893 Emicat
629 3794 681 3899 in
707 3814 904 3932 partem
931 3793 1151 3930 sanguis,
1179 3790 1317 3891 unde
1340 3792 1522 3892 icimur
1546 3794 1668 3912 ictu,

407 3963 477 4066 Et
500 3968 541 4113 si
569 3969 849 4068 comminus
874 3988 965 4085 est,
994 3962 1189 4066 hostem
1214 3964 1369 4065 ruber
1392 3990 1609 4103 occupat
1627 3964 1826 4069 humor.
1978 3982 1980 3987 ’

476 4142 560 4245 Sic
586 4144 758 4281 igitur,
786 4141 999 4244 Veneris
1025 4143 1115 4280 qui
1141 4142 1254 4241 telis
1279 4141 1463 4278 accipit
1486 4142 1660 4260 ictum,
1761 4198 1767 4207 ·

407 4317 523 4421 Sive
549 4357 678 4456 puer
703 4318 942 4442 membris
969 4317 1301 4420 muliebribus
1327 4315 1463 4417 hunc
1482 4314 1757 4453 jaculatur,

407 4492 510 4594 Seu
536 4494 720 4639 mulier
743 4517 851 4596 toto
868 4496 1066 4633 jactans
1091 4535 1119 4594 e
1145 4530 1354 4630 corpore
1380 4528 1618 4610 amorem,

404 4669 560 4775 Unde
585 4671 780 4789 feritur,
805 4710 867 4772 eo
892 4675 1074 4795 tendit,
1102 4675 1358 4814 gestitque
1385 4671 1533 4790 coire,

407 4842 478 4946 Et
493 4845 663 4983 jacere
688 4840 953 4944 humorem
979 4847 1031 4945 in
1058 4882 1241 4982 corpus
1267 4846 1331 4946 de
1356 4880 1567 4980 corpore
1595 4842 1837 4943 ductum:

407 5017 654 5158 Namque
677 5017 991 5157 voluptatem
1019 5017 1261 5157 praesagit
1284 5020 1445 5119 multa
1470 5019 1674 5156 cupido.

409 5195 462 5302 H
466 5237 539 5300 aec
552 5195 729 5301 Venus
754 5219 830 5298 cst
855 5195 1017 5320 nobis,
1039 5195 1160 5297 hine
1185 5219 1354 5298 autem
1373 5217 1450 5296 est
1468 5192 1899 5298 nomen-Amoris:

1126 5374 1172 5425 ὴ
