4598 6112
467 524 537 632 ra
744 526 843 635 r.
907 457 1339 614 Lucanum
1403 503 1613 615 enar

415 771 425 794 ⁸
468 784 666 886 Armati
692 783 744 882 in
770 756 1037 902 numerum
1063 765 1327 916 pulsarent
1350 780 1538 882 aeribus
1563 820 1680 901 aera,

469 957 522 1060 N
527 997 554 1058 e
583 956 833 1058 Saturnus
859 992 978 1056 eum
1004 954 1147 1053 malis
1173 952 1436 1054 mandaret
1459 955 1690 1092 adeptus

466 1133 848 1269 AEternumque
874 1128 1026 1228 daret
1043 1127 1192 1227 matri
1218 1124 1313 1226 sub
1338 1150 1541 1264 pectore
1567 1130 1775 1252 volnus;

469 1302 748 1444 Propterea
772 1341 1009 1442 magnam
1034 1299 1213 1400 armati
1239 1322 1448 1402 matrem
1469 1305 1802 1404 comitantur:

467 1480 578 1582 Aut
604 1478 1038 1618 quiasignificant
1062 1476 1230 1576 divam
1254 1475 1546 1611 praedicere,
1569 1500 1627 1578 nt
1651 1479 1819 1598 armis,

469 1657 547 1755 Ac
575 1654 762 1756 virtute
787 1654 947 1756 velint
971 1651 1187 1789 patriam
1213 1648 1487 1750 defendere
1510 1674 1726 1776 terram3

470 1826 819 1967 Praesidioque
838 1849 1036 1964 parent,
1051 1824 1334 1962 ¹decorique
1358 1825 1657 1962 parentibus
1682 1864 1804 1927 esse.

542 2000 674 2123 Quae
700 2001 849 2121 bene,
877 2024 930 2117 et
954 2000 1138 2101 eximie
1159 1999 1387 2137 quamvis
1407 1999 1630 2138 disposta
1654 1999 1898 2120 ferantur,

470 2173 648 2314 Longe
674 2199 794 2276 sunt
816 2199 986 2276 tamen
1013 2214 1042 2275 a
1066 2213 1185 2274 vera
1208 2175 1402 2273 ratione
1428 2176 1645 2310 repulsa.

541 2351 724 2455 Omnis
749 2354 882 2452 enim
909 2390 1002 2489 per
1027 2389 1078 2450 se
1098 2351 1264 2451 divdm
1289 2371 1472 2450 natura
1495 2385 1697 2450 necesse
1723 2371 1798 2448 est

469 2526 883 2639 Immortaliaevo
910 2564 1106 2626 summa
1130 2564 1246 2625 cum
1271 2561 1395 2660 pace
1422 2521 1637 2644 fruatur,

472 2702 679 2805 Sernota
702 2741 732 2802 a
756 2703 940 2803 nostris
961 2700 1129 2820 rebus,
1157 2699 1486 2835 sejunctaque
1505 2696 1686 2834 longe:

470 2879 609 2982 Nam
629 2877 825 3018 privata
849 2876 1021 2976 dolore
1041 2868 1201 3005 omni,
1227 2875 1423 3010 privata
1447 2872 1664 3009 periclis,

469 3055 590 3195 lpsa
614 3058 715 3156 suis
740 3054 937 3192 pollens
962 3051 1162 3189 opibus
1188 3051 1316 3154 nihil
1341 3049 1516 3188 indiga
1540 3049 1716 3167 nostri,
1769 3058 1772 3063 ’

472 3227 524 3330 N
530 3268 586 3329 ec
611 3228 741 3327 bene
760 3227 1048 3364 promeritis
1067 3232 1282 3363 capitor,
1309 3266 1401 3327 nee
1427 3230 1657 3362 tangitur
1682 3228 1770 3326 ira.
1912 3312 1915 3317 .

537 3400 696 3502 Terra
722 3399 929 3538 quidem
954 3436 1073 3500 vero
1099 3390 1236 3501 caret
1258 3403 1396 3519 omni
1422 3424 1650 3538 tempore
1675 3437 1855 3502 sensu:
1933 3428 1936 3433 ’
2034 3404 2044 3429 ’

472 3576 573 3678 Sed
600 3577 722 3714 quia
746 3574 1031 3718 multarum!
1047 3576 1239 3711 potitur
1263 3576 1539 3714 primordia
1563 3614 1752 3695 rernm,

471 3750 642 3852 Multa
665 3747 829 3848 modis
853 3745 1197 3875 multiseffert
1220 3753 1274 3851 in
1292 3752 1487 3851 lumina
1511 3751 1643 3852 solis,

470 3894 575 4025 ¹lllc
592 3926 633 4024 si
659 3923 780 4062 quis
802 3958 939 4020 mare
968 3918 1294 4060 Neptunum,
1325 3923 1666 4063 Cereremque
1690 3965 1869 4029 vocare

474 4089 985 4233 Constituet'frugeis,
1012 4120 1064 4196 et
1090 4098 1276 4207 Bacchi
1302 4100 1504 4200 nomine
1524 4100 1675 4204 abuti.
1823 4113 1826 4128 '

473 4273 671 4374 Mavolt
696 4307 850 4409 quam
876 4270 1036 4370 laticis
1059 4276 1324 4411 proprium
1350 4274 1576 4412 prolerre
1600 4313 1871 4376 vocamen:
1973 4308 1976 4313 ·

478 4443 827 4548 Concedamus
853 4464 911 4542 ut
931 4439 1012 4543 hie
1037 4465 1285 4548 terrarum
1310 4448 1510 4548 dictitet
1533 4445 1709 4549 orbem
1862 4436 1864 4441 ¹

473 4619 597 4722 Esse
623 4617 772 4717 detlm
799 4635 1028 4735 matrem,
1053 4615 1177 4717 dum
1203 4655 1257 4718 re
1275 4658 1386 4722 non
1410 4622 1476 4722 sit
1498 4609 1667 4723 tamen
1692 4659 1832 4761 epse.

542 4793 692 4932 Saepe
716 4790 890 4927 itaque
910 4825 974 4889 ex
1000 4829 1105 4892 uno.
1120 4794 1388 4897 tondentes
1402 4801 1633 4935 gramina
1656 4839 1840 4940 eampo

476 4969 744 5108 Lanigerae
764 4966 984 5108 pecudes
1009 4990 1061 5067 et
1084 5006 1332 5107 equorum
1357 4971 1575 5075 duellica
1599 4975 1783 5111 proles,

477 5143 811 5280 Buceriaeque
836 5179 1016 5284 greges
1040 5139 1136 5245 sub
1162 5143 1337 5247 eodem
1364 5149 1588 5288 tegmine
1614 5150 1748 5270 coeli,
