4598 6112
446 509 515 613 66
757 512 817 609 Τ.
887 516 1323 610 LUCRETII
1390 516 1607 610 CARI

453 777 608 899 Quod
636 778 676 877 si
702 817 804 877 non
831 778 901 877 ita
927 779 1006 899 sit,
1031 816 1233 879 rursum
1249 777 1355 915 jam
1383 776 1573 877 semina
1599 779 1840 916 quaedam

450 953 576 1056 Esse
602 952 803 1053 infinito
829 951 1092 1052 debebunt
1116 954 1338 1092 corporis
1363 977 1531 1054 auctu.

458 1125 509 1231 N
514 1165 702 1266 amque
726 1129 777 1232 in
804 1126 982 1229 eadem
1003 1166 1105 1228 una
1123 1126 1495 1266 quojusqqu‘ns
1521 1125 1764 1226 brevitate

458 1300 715 1439 Corporis,
741 1302 875 1401 inter
892 1340 944 1402 se
970 1297 1186 1402 multum
1207 1301 1398 1401 variare
1419 1301 1598 1438 fignrae

454 1473 577 1576 Non
603 1496 845 1612 possunt:
885 1473 964 1575 fao
990 1477 1125 1576 enim
1151 1476 1370 1575 minimis
1394 1513 1422 1574 e
1447 1473 1676 1611 partibus
1702 1513 1807 1576 esse

456 1649 683 1789 Corpora
707 1651 873 1787 prima
896 1647 1076 1769 tribue,
1097 1649 1176 1748 vel
1200 1648 1374 1787 paullo
1393 1645 1627 1787 pluribus
1651 1685 1804 1785 auge3

452 1822 660 1961 Nempe
686 1822 776 1922 ubi
796 1861 880 1922 eas
904 1823 1091 1960 parteis
1118 1824 1269 1921 unius
1294 1823 1517 1960 corporis
1541 1824 1748 1941 omnen,

456 1999 667 2101 Summa
691 2019 846 2135 atque
865 1999 966 2096 ima
983 1997 1168 2117 locant,
1195 2020 1536 2099 transmutans
1556 1997 1767 2098 dextera
1790 1997 1945 2136 laevia,

459 2174 783 2278 Oninimodis
807 2195 1047 2312 expertus
1072 2173 1185 2292 erio,
1212 2182 1367 2312 quam
1394 2175 1616 2314 quisque
1642 2175 1730 2275 det
1755 2174 1879 2274 ordo

455 2320 657 2451 Formai'
685 2347 903 2484 speciem
928 2346 1082 2445 totius
1108 2347 1332 2482 corporis
1355 2345 1464 2482 ejus
1482 2335 1508 2448 ι’
1580 2424 1584 2432 -

457 2521 613 2644 Quod
632 2543 888 2660 superest.
905 2521 943 2618 si
970 2518 1100 2618 forte
1124 2519 1259 2620 voles
1283 2521 1474 2621 variare
1502 2523 1704 2661 figurae,

454 2697 768 2799 Addendum
794 2694 983 2832 parteis¹
1009 2694 1129 2793 alias
1148 2696 1245 2794 erit
1261 2737 1282 2819 ;ι
1312 2695 1431 2795 inde
1457 2722 1701 2837 sequetur

455 2871 692 2975 Adsimili
717 2869 911 2970 ratione
930 2869 1068 2988 aliea,
1090 2890 1150 2969 ut
1176 2870 1415 3006 postulet,
1442 2873 1584 2994 ordo,
1712 2909 1714 2912 ⁴

353 3072 357 3080 ’
453 3044 511 3145 Si
536 3069 592 3146 tn
614 3044 744 3145 forte
770 3042 906 3143 voles
931 3043 1082 3142 etiam
1107 3044 1299 3144 variare
1325 3045 1529 3183 figuras,

458 3219 598 3358 Ergo
617 3220 798 3320 formai
817 3221 1092 3318 novitatem
1117 3220 1339 3355 corporis
1360 3258 1576 3355 augmen
1734 3253 1737 3259 ·

363 3394 366 3398 ’
458 3391 832 3530 Subsequitur:
871 3428 1029 3529 quare
1056 3430 1155 3490 non
1184 3415 1260 3493 est
1285 3415 1344 3494 ut
1368 3393 1571 3494 credere
1596 3398 1774 3535 possm,

458 3568 581 3671 Esse
606 3567 821 3668 infinitis
847 3565 1084 3665 distantia
1109 3569 1300 3670 semina
1323 3568 1512 3690 formis,
1598 3631 1601 3638 ·

458 3743 544 3849 Ne
571 3742 809 3884 quaedam
832 3778 982 3878 cogas
1007 3741 1214 3843 immani
1241 3745 1551 3845 maximitate

142 3934 191 3999 ·.
296 4003 300 4010 .
459 3914 600 4039 Esse,
629 3957 785 4056 supra
810 3917 947 4056 quod
968 3916 1077 4054 jam
1103 3917 1252 4021 docui
1279 3959 1377 4019 non
1407 3958 1551 4058 posse
1577 3919 1797 4059 probari.
1915 3923 1918 3928 ’

527 4091 559 4195 J
565 4131 646 4193 am
671 4091 764 4192 tibi
794 4066 1080 4194 Barbarioae
1105 4120 1281 4217 vestes,
1310 4094 1654 4235 Meliboeaque
1679 4095 1882 4235 fulgens

459 4264 697 4405 Purpura
720 4263 1008 4366 Thessalico
1028 4270 1517 4379 concharumtinota
1540 4270 1722 4391 colore,
1749 4292 1802 4369 et

286 4516 289 4523 «
459 4444 631 4545 Aurea
649 4477 904 4580 pavonum
929 4439 1115 4541 ridenti
1134 4444 1331 4543 imbuta
1351 4446 1521 4582 lepore

464 4615 626 4716 Saeola
650 4652 779 4714 novo
805 4649 976 4712 rerum
1002 4641 1240 4752 superata
1263 4617 1427 4718 colore
1445 4618 1703 4756 jacerent:

460 4792 529 4895 Et
554 4815 873 4929 contemptus
898 4786 1025 4891 odor
1043 4791 1280 4930 myrrhae,
1300 4793 1568 4932 mellisque
1595 4831 1828 4931 sapores,

462 4965 531 5067 Et
555 5006 743 5104 cycnea
766 4971 910 5092 mele,
942 4970 1267 5109 Phoebeaque
1294 4968 1492 5070 daedala
1517 4969 1720 5071 chordis

464 5139 704 5243 Carmina
729 5147 975 5250 consimili
1002 5148 1194 5249 ratione
1219 5180 1461 5281 oppressa
1485 5144 1705 5249 silerent.
1744 5163 1748 5170 '
