4598 6112
607 621 609 625 ψ
684 420 700 507 3
768 486 1045 576 urana
1107 485 1459 584 snxrus
1759 489 1865 599 crs

370 739 574 844 Ducere
600 742 728 845 forte
754 744 1089 846 deosmaneis
1110 745 1308 848 inferne
1335 788 1565 875 reamur3
1710 766 1713 772 ’

370 915 598 1020 Naribus
623 919 847 1056 alipedes
874 942 932 1020 ut
956 921 1088 1021 cervi
1115 960 1248 1059 saepe
1272 947 1523 1061 putantur

370 1091 573 1194 Ducere
601 1095 664 1194 de
690 1090 896 1194 latebris
923 1097 1178 1233 serpentia
1203 1100 1350 1200 saecla
1374 1098 1626 1203 ferarum:

369 1264 521 1385 Quod
550 1270 727 1405 procul
754 1307 783 1368 a
806 1307 924 1369 vera
950 1308 1103 1408 quam
1131 1271 1195 1370 sit
1219 1275 1413 1374 ratione
1438 1276 1717 1413 repulsum,

369 1441 613 1583 Percipe3
651 1483 873 1583 namque
900 1447 1010 1582 ipsa
1035 1445 1099 1545 de
1124 1484 1178 1546 re
1206 1486 1340 1548 nunc
1361 1449 1529 1549 dicere
1557 1489 1725 1551 conor.

438 1617 696 1758 Principio
722 1618 818 1720 hoc
844 1619 973 1740 dice,
1002 1622 1143 1760 quod
1171 1622 1277 1723 dixi
1306 1662 1440 1762 saepe
1469 1663 1679 1764 quoque
1705 1647 1841 1746 ante,

369 1792 428 1894 In
456 1818 591 1895 terra
617 1795 904 1935 quojusqne
931 1796 1073 1896 modi
1098 1834 1264 1898 rerum
1293 1799 1644 1937 essefiguras3

370 1967 558 2091 Multa,
586 1969 699 2072 cibo
725 2007 873 2109 aeque
899 1970 1100 2097 vitalia3
1140 1973 1403 2112 multaque
1430 1972 1632 2074 morbos

368 2144 622 2267 luentem,
651 2170 702 2247 et
726 2169 939 2246 mortem
967 2176 1083 2283 qu'ae
1109 2151 1305 2286 possint
1330 2149 1635 2250 accelerare:

369 2319 439 2422 Et
464 2325 623 2461 magis
649 2359 755 2422 esse
782 2322 891 2422 aliis
918 2322 1039 2421 alias
1065 2323 1406 2424 animantibus
1432 2345 1574 2461 aptas
1630 2354 1636 2365 ·
1675 2450 1682 2463 x

369 2493 470 2597 Res
497 2497 561 2596 ad
590 2499 708 2599 vitai
735 2499 997 2618 rationem,
1026 2499 1337 2599 ostendimus
1363 2522 1496 2619 ante,

369 2668 587 2808 Propter
612 2671 904 2772 dissimilem
930 2695 1180 2793 naturam,
1210 2672 1597 2812 dissimileisque

365 2847 617 2951 Tenturas
643 2852 776 2950 inter
802 2889 923 2971 sese,
949 2852 1241 2987 primasque
1266 2848 1486 2986 figuras:

368 3021 540 3125 Multa
566 3047 736 3124 meant
761 3025 962 3123 inimica
986 3061 1079 3159 per
1105 3024 1283 3143 aureis,
1314 3023 1473 3122 multa
1497 3060 1591 3159 per
1614 3024 1748 3160 ipsas

369 3195 638 3300 Insinuant
665 3199 827 3298 nareis
854 3197 1034 3298 infesta
1060 3200 1214 3334 atque
1243 3234 1420 3334 aspera
1445 3198 1631 3322 odore3

370 3372 484 3475 Nec
512 3396 630 3474 suut
654 3374 815 3474 multa
840 3411 1021 3510 parum
1046 3395 1184 3472 tactu
1212 3374 1432 3501 vitanda,
1461 3412 1553 3473 nec
1579 3396 1748 3474 autem

368 3550 630 3687 Adspectu
656 3549 916 3687 fugienda,
945 3586 1228 3686 saporeque
1255 3549 1417 3647 tristia
1443 3587 1563 3687 quae
1592 3549 1707 3650 sint.

370 3723 573 3826 Deinde
601 3724 769 3824 videre
788 3723 908 3824 licet
935 3762 1088 3862 quam
1115 3716 1290 3824 multae
1315 3725 1417 3823 siut
1441 3721 1632 3862 bomini
1660 3763 1738 3824 res

368 3903 569 4002 Acriter
593 3900 776 4001 infesto
803 3939 967 4021 sensu,
995 3937 1313 4039 spurcaeque,
1342 3936 1638 4037 gravesque.

438 4064 725 4176 Arboribus
749 4077 970 4214 primum
996 4079 1144 4174 certis
1171 4075 1335 4210 gravis
1361 4071 1542 4174 umbra
1560 4072 1754 4175 tributa
1773 4086 1864 4196 est,

369 4251 700 4393 Usqueade0‚
728 4253 905 4389 capitis
931 4250 1117 4351 faciant
1143 4273 1200 4350 ut
1226 4288 1359 4386 saepe
1386 4249 1598 4370 dolores,

372 4426 427 4529 Si
452 4429 566 4567 quis
593 4466 674 4528 eas
701 4425 875 4526 subter
890 4425 1053 4563 jacuit
1075 4448 1358 4562 prostratus
1384 4425 1436 4523 in
1464 4420 1648 4525 herbis.

441 4601 536 4703 Est
561 4603 714 4703 etiam
740 4603 793 4702 in
821 4603 1016 4740 magnis
1045 4600 1304 4702 Heliconis
1330 4597 1588 4700 montibus
1615 4594 1760 4698 arbos

372 4777 533 4878 Floris
559 4776 713 4877 odore
738 4775 995 4876 hominem
1021 4797 1153 4875 tetro
1179 4798 1422 4876 consueta
1447 4810 1641 4874 necare.

372 4954 577 5055 Scilicet
603 4952 712 5052 haec
738 4952 852 5051 ideo
879 4954 1027 5052 terris
1053 4990 1115 5051 ex
1142 4951 1311 5051 omnia
1337 4970 1557 5087 surgunt

373 5126 546 5232 Multa
570 5127 731 5231 modis
758 5127 929 5231 multis
954 5128 1232 5229 multarum
1256 5125 1447 5226 semina
1470 5160 1659 5244 rerum,

1089 5307 1105 5357 2
1117 5317 1133 5354 0
1145 5307 1161 5357 2
