4620 6106
465 476 562 585 194
800 483 859 570 T.
927 476 1358 568 LUCRETII
1424 474 1638 568 CARI

464 741 599 844 Nam
627 738 849 878 gaudere
875 740 1015 839 novis
1040 738 1193 838 rebus
1219 733 1403 837 debere
1430 737 1650 859 videtur,

464 915 600 1034 Quoi
627 938 817 1015 veteres
843 914 1059 1039 obsunt3
1099 917 1202 1032 sed,
1230 915 1351 1055 quoi
1372 914 1444 1015 nil
1471 914 1654 1014 accidit
1679 916 1801 1052 aegri

462 1089 714 1227 Tempore
741 1077 803 1188 in
820 1113 1064 1212 anteact0‚
1093 1129 1246 1229 quom
1275 1087 1488 1227 pulchre
1514 1089 1726 1227 degeret
1744 1126 1920 1206 aevom,

467 1265 607 1387 Quid
635 1266 805 1402 potuit
829 1267 1062 1365 novitatis
1087 1302 1308 1364 amorem
1335 1263 1608 1364 accendere
1633 1266 1755 1365 talil

465 1442 566 1557 An,
594 1438 761 1556 credo,
788 1438 841 1536 in
867 1438 1090 1538 tenebris
1116 1439 1215 1539 vita
1243 1477 1299 1538 ac
1326 1475 1536 1537 moerore
1553 1438 1774 1577 jacebat,

468 1611 646 1713 Donec
674 1611 862 1711 diluxit
886 1651 1052 1712 rerum
1080 1613 1314 1753 genitalis
1339 1612 1515 1750 origol

469 1786 674 1907 Quidve
701 1787 818 1885 mali
844 1785 1010 1885 fuerat
1036 1787 1181 1898 nobis
1210 1828 1310 1888 non
1336 1827 1441 1888 esse
1468 1791 1677 1890 creatisl

469 1959 637 2062 Natus
664 1961 797 2059 enim
823 1959 992 2081 debet,
1022 1964 1318 2102 quicunque
1345 1986 1436 2081 est,
1463 1964 1592 2064 velle
1619 2003 1821 2066 manere

468 2133 531 2235 In
559 2137 673 2255 vita,
701 2134 861 2236 donec
887 2135 1126 2236 retinebit
1151 2137 1339 2237 blanda
1362 2137 1624 2270 voluptas3

470 2309 574 2428 Qui
602 2348 865 2447 nunquam
891 2348 1010 2410 vero
1035 2314 1152 2413 vitae
1178 2315 1400 2451 gnstavit
1425 2294 1663 2433 amorem,

469 2484 521 2587 N
527 2526 583 2586 ec
611 2485 706 2583 fuit
731 2460 781 2582 in
811 2524 1039 2606 numero,
1068 2489 1193 2625 quid
1222 2487 1366 2587 obest
1390 2525 1491 2587 non
1519 2524 1624 2585 esse
1651 2491 1908 2591 creatum!
1991 2461 1995 2467 Ι

540 2659 849 2796 Exemplum
875 2697 1028 2797 porro
1054 2656 1332 2800 gignundis
1358 2660 1526 2783 rebus,
1555 2666 1740 2802 etipsa

466 2832 695 2936 Notities
723 2830 1002 2955 hominum,
1033 2836 1158 2935 divis
1185 2835 1322 2935 unde
1349 2836 1498 2934 insita
1523 2839 1762 2975 primunr,

472 3008 613 3130 Quid
641 3008 828 3109 vellent
853 3007 1015 3109 facere
1041 3031 1099 3107 ut
1125 3009 1324 3126 scirent,
1353 3009 1625 3149 animoqpe
1650 3014 1911 3113 viderent?

473 3182 655 3305 Quove
683 3182 832 3279 modo
859 3204 934 3280 est
958 3221 1187 3321 unquam
1213 3186 1286 3283 vis
1313 3186 1515 3320 cognita
1540 3189 1924 3327 principiorum,

473 3354 898 3477 Quidnam‘inter
924 3395 1028 3456 sese
1056 3380 1342 3495 permutato
1368 3358 1544 3460 ordine
1572 3383 1791 3497 possent,

474 3538 528 3637 Si
554 3574 656 3635 non
682 3536 792 3672 ipsa
818 3534 959 3633 dedit
985 3537 1236 3671 specimen
1267 3559 1446 3636 natura
1472 3536 1707 3638 creandi?

351 3721 352 3724 ‘
475 3712 719 3850 Namque
747 3713 815 3810 ita
841 3710 1154 3811 multimodis
1180 3712 1353 3811 multis
1377 3709 1655 3849 primordia
1682 3746 1851 3857 rerum

475 3889 557 3992 Ex
582 3888 781 3988 infinito
798 3886 903 4024 jam
933 3908 1161 4023 tempore
1186 3890 1376 4025 percita
1403 3888 1583 4025 plagis,

476 4060 898 4197 Ponderibusqne
925 4060 1026 4158 suis
1052 4063 1359 4161 consulerunt
1384 4062 1579 4160 concita
1604 4059 1740 4178 ferri,

479 4233 904 4370 Omnimodisque
932 4234 1080 4353 coire,
1109 4257 1262 4372 atque
1290 4236 1459 4335 onmia
1485 4256 1788 4372 pertentare,

481 4412 818 4546 Quaecunque
845 4410 978 4506 inter
1003 4446 1054 4507 se
1081 4412 1274 4545 possint
1299 4448 1564 4545 congressa
1590 4446 1798 4529 creare,-

481 4587 528 4691 U
534 4612 555 4687 t
580 4626 680 4687 non
709 4586 774 4685 sit
799 4585 983 4683 mirum
1011 4582 1050 4678 si
1076 4582 1128 4679 in
1154 4581 1297 4681 taleis
1323 4581 1658 4717 disposituras
1685 4612 1687 4616 “

480 4761 799 4862 Deciderunt
823 4795 1048 4896 quoque,
1077 4778 1128 4855 et
1151 4756 1203 4854 in
1230 4757 1373 4855 taleis
1397 4794 1578 4856 venere
1603 4781 1799 4860 meatus

485 4935 737 5056 Qualibus
763 4934 872 5035 haec
898 4972 1067 5034 rerum
1092 4935 1300 5072 genitur
1325 4972 1460 5034 nunc
1486 4970 1680 5034 summa
1699 4935 1948 5038 novando.
2085 4924 2089 4932 ¹

555 5111 707 5233 Quod
738 5115 775 5213 si
795 5113 903 5250 jam
930 5148 1100 5211 rerum
1127 5111 1356 5246 ignorem
1382 5106 1658 5247 primordia
1677 5145 1796 5247 quae
1823 5109 1939 5232 sint,
