4598 6112
493 516 591 618 116
856 527 915 615 Τ.
968 525 1404 618 LUCR'ETII
1471 524 1684 617 CARI

491 784 631 907 Quid
661 781 880 905 dubitas,
909 785 1035 923 quin
1062 787 1268 907 eximo,
1295 776 1603 925 penitusque
1628 808 1799 887 coorta

489 958 769 1082 Emanbrit,
797 962 872 1062 uti
898 960 1085 1080 fumus,
1112 960 1297 1063 diffusa
1322 963 1502 1063 anirnae
1528 963 1633 1062 visl
1795 1051 1800 1060 .
1935 1018 1943 1031 ·

487 1142 663 1281 Atque
689 1139 803 1240 ideo
827 1159 969 1237 tanta
995 1156 1246 1235 mutatum
1272 1157 1423 1273 putre
1452 1138 1597 1237 ruina

492 1314 785 1416 Conciderit
808 1348 992 1450 corpus
1016 1310 1237 1446 penitus,
1264 1312 1385 1448 quia
1411 1335 1547 1412 mota
1570 1312 1680 1413 loeo
1706 1302 1826 1412 sunt

490 1487 844 1599 Fundamenta
868 1486 1000 1587 foras
1027 1491 1225 1607 animae,
1252 1509 1565 1626 manantque
1591 1523 1685 1624 per
1702 1510 1858 1606 artus,

473 1647 694 1802 ¹Perque
719 1666 913 1764 viarum
939 1702 1112 1765 omnes
1138 1667 1302 1765 flexus
1325 1665 1376 1762 in
1404 1699 1614 1800 corpore
1641 1663 1729 1799 qui
1757 1685 1879 1764 sunt

489 1840 666 1979 Atque
691 1839 969 1940 foramina?
1008 1835 1329 1973 Multimodis
1354 1859 1412 1935 ut
1436 1873 1641 1936 noscere
1665 1837 1826 1974 possis

492 2011 828 2153 Dispertitam
853 2016 1034 2114 anirnae
1060 2034 1292 2111 naturam
1318 2010 1479 2129 exisse
1504 2049 1597 2148 per
1620 2033 1789 2136 artus;

492 2186 563 2290 Et
586 2189 729 2328 prius
754 2226 861 2289 esse
888 2188 982 2289 sibi
1009 2186 1295 2288 distractam
1325 2224 1533 2324 corpore
1558 2189 1612 2288 in
1639 2190 1765 2327 ipso,

492 2362 664 2485 Quam
690 2363 926 2502 prolapsa
949 2362 1083 2464 foras
1108 2385 1282 2497 enaret
1306 2364 1357 2462 in
1386 2365 1515 2464 aeris
1542 2366 1720 2466 auras?

562 2535 873 2658 Quinetiam,
900 2537 1045 2638 fineis
1071 2537 1195 2639 dum
1218 2540 1337 2639 vitae
1362 2540 1575 2640 vertitur
1597 2539 1749 2662 intra,

492 2712 644 2851 Saepe
668 2711 842 2850 aliqua
865 2735 1034 2813 tamen
1060 2752 1088 2813 e
1113 2718 1265 2815 causa
1288 2713 1538 2816 labefacta
1560 2713 1765 2815 videtur

491 2887 573 2990 Ire
599 2889 781 3007 anima,
810 2909 863 2987 et
885 2909 993 2989 toto
1019 2888 1143 2989 solvi
1170 2888 1233 2988 de
1259 2926 1469 3028 corpore
1494 2887 1757 3016 membra3
1844 3030 1847 3035 .

426 3044 432 3053 ’
491 3059 568 3163 Et·
588 3064 733 3202 quasi
762 3099 998 3198 supremo
1021 3063 1347 3202 languescere
1372 3086 1602 3203 tempore
1628 3065 1810 3186 voltus,

489 3234 778 3376 Molliaque
805 3239 1029 3375 exangui
1054 3238 1234 3338 cadere
1259 3239 1430 3338 omnia
1454 3275 1664 3376 corpore
1691 3238 1946 3341 membra:

493 3411 648 3535 Quod
666 3448 829 3550 genus
848 3432 939 3530 est,
961 3413 1128 3512 animo
1144 3411 1275 3512 male
1289 3411 1480 3513 factum
1496 3446 1653 3549 quom
1667 3411 1984 3551 perhibetur,

488 3591 601 3691 Aut
624 3587 844 3688 animam
871 3586 1095 3725 liquisse,
1123 3587 1210 3687 ubi
1230 3587 1340 3725 jam
1364 3588 1666 3727 trepidatur,
1693 3612 1746 3690 et
1769 3587 1947 3692 omnes

493 3761 795 3881 Extremum
823 3762 1043 3896 cupiunt
1066 3763 1184 3861 vitae
1207 3763 1515 3900 reprendere
1532 3765 1773 3866 vinclum.

494 3932 877 4075 Conquassatur
901 3934 1037 4034 enim
1061 3957 1171 4036 turn
1197 3975 1356 4058 mens,
1383 3939 1670 4078 animaeque
1695 3962 1917 4078 potestas

427 4246 431 4254 ⁸
493 4108 709 4213 Omnis:
747 4107 935 4212 ethaeo
961 4108 1071 4247 ipso
1096 4149 1210 4212 curn
1238 4151 1447 4251 corpore
1471 4113 1846 4242 conlabefiunt3

489 4284 568 4393 Ut
593 4288 794 4425 gravior
817 4286 993 4424 paullo
1017 4287 1177 4423 possit
1202 4288 1471 4390 dissolvere
1497 4329 1662 4393 causa.

565 4462 707 4585 Quid
735 4461 941 4564 dubitas
967 4461 1191 4582 tandem,
1219 4464 1343 4599 quin
1370 4488 1515 4566 extra
1538 4465 1745 4603 prodita
1768 4503 1953 4606 eorpus

397 4662 402 4668 '
493 4638 757 4743 Imbecilla
780 4638 930 4760 foras,
956 4638 1008 4736 in
1036 4657 1228 4772 apert0,
1255 4639 1479 4777 tegmine
1504 4640 1728 4781 dempto,
1822 4690 1828 4699 ·

494 4813 616 4919 Non
642 4814 795 4917 modo
819 4852 922 4916 non
949 4847 1153 4912 omnem
1178 4812 1337 4950 possit
1361 4813 1544 4916 durare
1568 4853 1665 4955 per
1688 4855 1866 4939 aevom,

495 4987 597 5091 Sed
622 4989 888 5091 minimum
916 4986 1131 5128 quodvis
1150 5011 1375 5126 nequeat
1392 4991 1662 5093 consistere
1680 4996 1916 5131 tempus?

565 5160 680 5270 Nec
705 5164 801 5265 sibi
827 5166 963 5267 enim
990 5163 1262 5306 quisquam
1290 5163 1509 5270 moriens
1533 5167 1719 5270 sentire
1743 5167 1946 5271 videtur
