4598 6112
812 553 1092 645 LIBER
1158 543 1505 648 SEXTUS.
1799 547 1898 650 965

404 814 628 921 Tollitur
653 822 703 921 in
731 817 933 921 nubeis:
963 857 1067 957 quo
1094 855 1250 957 quom
1276 815 1407 918 bene
1434 818 1625 920 semina
1649 857 1900 959 aquarum

407 989 578 1094 Multa
604 995 765 1096 modis
790 997 963 1096 multis
990 1030 1267 1094 convenere
1293 994 1523 1133 undique
1549 996 1780 1117 adaucta,

408 1163 664 1270 Consertae
690 1169 850 1271 nubes
874 1171 925 1271 vi
950 1170 1090 1271 venti
1111 1169 1310 1267 mittere
1335 1191 1530 1270 certant

408 1339 698 1480 Dupliciter
709 1387 726 1469 -;
765 1384 882 1446 nam
906 1347 980 1448 vis
1004 1345 1143 1446 renti
1169 1343 1442 1463 contrudit,
1471 1344 1665 1493 etipsa
1794 1386 1797 1391 ·

407 1513 569 1654 Copia
595 1519 900 1642 nimborum,
927 1519 1079 1622 turba
1104 1518 1291 1656 majore
1315 1539 1502 1637 coorta,

403 1689 586 1831 Urget,
614 1717 666 1795 et
690 1733 717 1795 e
745 1733 929 1834 supero
956 1694 1160 1835 premit,
1181 1729 1237 1792 ac
1263 1690 1383 1791 facit
1408 1693 1613 1794 effluere
1640 1694 1861 1799 imbreis

475 1863 743 1989 Praeterea,
772 1909 928 2008 quom
954 1880 1216 1969 rarescunt
1241 1884 1450 2003 quoque
1475 1866 1652 1968 nubila
1677 1873 1857 1992 ventis,

259 2055 262 2061 ’
388 2043 511 2143 ‘Aut
537 2045 880 2147 dissolvuntur
905 2046 1021 2146 solis
1047 2082 1201 2183 super
1224 2043 1325 2143 ieta
1350 2043 1529 2164 calore,

239 2339 245 2355 ,
404 2215 625 2320 Mittunt
649 2219 914 2322 humorem
938 2222 1189 2360 pluvium,
1217 2219 1530 2359 stillautque,
1559 2222 1703 2359 quasi
1730 2222 1839 2361 igni

405 2391 536 2496 Cera
561 2396 714 2532 super
740 2396 901 2497 calido
928 2393 1189 2497 tabescens
1215 2395 1376 2495 multa
1400 2396 1662 2534 liquescat.
1805 2421 1809 2428 ’

474 2568 572 2681 Sed
602 2569 869 2673 vehemens
896 2571 1059 2672 imber
1083 2572 1161 2690 fit,
1184 2568 1273 2669 ubi
1298 2567 1624 2672 vehementer
1649 2594 1870 2714 utroque

241 2822 245 2830 .
401 2743 603 2874 Nubila
625 2748 675 2848 vi
701 2748 959 2850 cumulata
983 2769 1305 2884 premuntur,
1333 2770 1384 2846 et
1409 2748 1596 2886 impete
1622 2751 1774 2853 venti.

235 2941 238 2948 '
400 2934 403 2941 ’
471 2922 543 3021 At
567 2925 783 3023 retinere
809 2923 897 3022 diu
923 2921 1128 3058 pluviae,
1154 2921 1470 3061 longumque
1497 2926 1680 3023 morari

257 3200 262 3207 ,
404 3094 745 3217 Consuerunt‚
773 3094 864 3197 ubi
891 3096 1051 3195 multa
1076 3088 1283 3196 fuerunt
1309 3100 1499 3198 semina
1523 3137 1805 3238 aquarum3

400 3273 575 3410 Atque
602 3272 710 3373 aliis
736 3273 848 3373 aliae
873 3270 1052 3392 nubes,
1072 3269 1353 3409 nimbique
1370 3273 1592 3410 rigantes

402 3442 634 3584 Insuper,
662 3469 817 3585 atque
843 3446 981 3546 omni
1005 3446 1154 3583 volgo
1181 3443 1244 3543 de
1271 3469 1414 3582 parte
1440 3446 1703 3553 feruntur:

400 3619 663 3760 Terraque
689 3660 845 3760 quom
870 3619 1071 3720 fumans
1096 3617 1359 3723 humorem
1385 3646 1492 3724 tota
1517 3622 1728 3728 rehalat.

472 3795 609 3897 Hine
635 3795 724 3896 ubi
751 3795 824 3896 sol
849 3792 1002 3894 radiis
1027 3816 1378 3932 tempestatem
1404 3798 1536 3897 inter
1559 3837 1770 3937 opacam

341 4062 344 4067 .
399 3971 626 4073 Adversa
650 3971 793 4072 fulsit
817 3967 1106 4070 nimborum
1132 3958 1434 4108 adspergine
1460 3994 1667 4094 contra3

396 4145 533 4249 Tum
552 4145 689 4248 color
710 4146 764 4246 in
789 4146 948 4284 nigris
975 4144 1172 4244 exsistit
1196 4138 1419 4246 nubibus
1444 4147 1607 4284 arqui.

472 4315 671 4425 Caetera
686 4360 803 4462 quae
824 4356 1020 4421 sursum
1041 4342 1288 4440 crescunt,
1310 4358 1611 4460 sursumque
1636 4325 1888 4452 creantur,

401 4495 470 4598 Et
496 4536 614 4636 quae
640 4517 970 4598 concrescunt
992 4494 1046 4593 in
1071 4493 1295 4595 nubibus
1320 4497 1505 4616 omnia,
1531 4504 1769 4633 prorsum

403 4670 607 4794 Omnia,
634 4672 739 4793 nix,
765 4674 919 4792 venti,
947 4669 1159 4810 guand0,
1186 4671 1474 4810 gelidaeque
1500 4673 1714 4808 pruinae,
1774 4691 1777 4696 ’
1944 4804 1947 4809 ¹

402 4846 472 4949 Et
497 4849 571 4949 vis
597 4885 781 4986 magna
804 4849 923 4987 geli,
949 4883 1192 4986 magnum
1218 4845 1464 4980 duramen
1490 4884 1755 4984 aquarum,

400 5023 471 5126 Et
495 5063 664 5151 mora;
705 5061 823 5166 quae
849 5025 1029 5127 fluvios
1056 5026 1241 5165 passim
1266 5026 1504 5129 refraenat
1529 5030 1726 5131 euntei's

401 5195 646 5303 Perfacile
672 5223 750 5303 est
770 5222 942 5304 tamen
966 5200 1076 5302 haeo
1101 5203 1340 5341 reperire,
1368 5190 1639 5347 animoque
1664 5204 1851 5325 videre,

1122 5384 1139 5432 2
1150 5389 1173 5433 N
