4598 6112
670 529 947 623 LIBER
1012 527 1436 621 QUARTUS·
1717 524 1813 619 155

324 785 557 910 Somnus
586 791 714 890 etin
741 826 938 889 summa
962 824 1145 924 corpus
1162 787 1300 924 jacet
1323 825 1471 889 omne
1497 790 1670 928 quiete
1691 831 1705 914 ;

321 959 454 1064 Tum
480 964 688 1101 vigilare
713 987 884 1064 tamen
908 959 1071 1080 nobie,
1098 984 1152 1060 et
1174 962 1401 1063 membra
1424 976 1623 1064 movere

325 1135 515 1238 Nostra
539 1138 786 1261 videmur,
813 1160 865 1238 et
888 1139 941 1238 in
967 1135 1127 1236 noctis
1152 1137 1367 1274 caligine
1391 1176 1524 1238 caeca

325 1310 545 1414 Cernere
572 1350 832 1414 censemus
856 1312 1028 1429 solem,
1047 1309 1323 1447 lumenque
1350 1311 1620 1412 diurnum:

325 1485 679 1626 Conclusoque
703 1488 814 1587 loco
838 1487 1037 1606 coelum,
1063 1518 1216 1604 mare,
1243 1486 1468 1607 flumina,
1495 1489 1709 1590 monteis

324 1661 547 1781 Mutare,
574 1685 627 1764 et
650 1699 853 1800 campos
877 1659 1098 1799 pedibus
1123 1659 1335 1758 transire
1360 1659 1620 1763 videmur:

326 1835 396 1937 Et
420 1838 614 1939 sonitus
640 1837 831 1956 audire,
857 1872 1030 1936 severa
1054 1837 1251 1936 silentia
1275 1837 1436 1937 noctis

325 2008 575 2150 Undique
601 2047 758 2149 quom
782 2030 1029 2131 constent,
1056 2032 1108 2110 et
1132 2009 1343 2111 reddere
1371 2011 1505 2112 dicta
1523 2034 1763 2114 tacentes.

396 2183 596 2286 Caetera
621 2186 684 2285 de
710 2220 894 2321 genere
920 2180 1016 2283 hoc
1041 2184 1269 2284 mirande
1294 2185 1456 2285 multa
1479 2187 1722 2305 videmus,

326 2358 459 2479 Quae
488 2360 670 2462 violare
697 2358 850 2459 fidem
877 2357 1021 2494 quasi
1041 2355 1270 2459 sensibus
1296 2361 1465 2460 omnia
1490 2383 1729 2499 quaerunt
1744 2402 1757 2484 3

327 2533 727 2675 Nequidquam:
768 2531 1010 2669 quoniam
1035 2547 1153 2666 pars
1177 2532 1358 2633 horum
1384 2534 1603 2634 maxima
1620 2534 1753 2635 fallit

326 2710 548 2852 Propter
571 2713 808 2850 opinatus
833 2707 987 2808 animi
1013 2742 1142 2845 quos
1167 2706 1399 2806 addimus
1424 2707 1539 2845 ipsi,

327 2883 428 2986 Pro
452 2888 569 2988 visis
593 2907 656 2986 ut
678 2886 795 3004 sint,
822 2920 939 3020 quae
964 2919 1068 2982 non
1093 2904 1213 2983 sunt
1237 2881 1465 2983 sensibus
1490 2883 1609 2985 visa.
1653 2866 1701 2996 'j

327 3058 465 3161 Nam
491 3058 619 3160 nihil
644 3058 893 3197 egregius,
915 3092 1071 3197 quam
1092 3094 1172 3156 res
1198 3066 1455 3158 secernere
1480 3080 1679 3197 apertas

324 3232 583 3355 Adubiis,
612 3234 810 3333 animus
836 3222 972 3370 quas
987 3229 1053 3331 ab
1079 3269 1131 3332 se
1155 3232 1389 3371 protinus
1414 3231 1573 3334 addit.

397 3410 655 3550 Denique,
683 3409 754 3509 nil
780 3409 893 3509 sciri
919 3408 959 3507 si
986 3407 1100 3545 quis
1124 3426 1290 3541 putat,
1317 3406 1371 3506 id
1398 3445 1605 3549 quoque
1631 3409 1791 3510 nescit

325 3584 410 3685 Au
435 3587 549 3688 sciri
574 3586 748 3722 possit,
776 3580 1016 3720 quoniam
1041 3582 1114 3682 nil
1139 3582 1266 3682 scire
1288 3580 1505 3686 fatetur:

330 3755 485 3859 Hunc
508 3759 667 3896 igitur
690 3779 864 3858 contra
889 3756 1086 3856 mittam
1110 3756 1414 3856 contendere
1439 3795 1656 3880 causam,

216 4054 218 4059 Ι
329 3916 434 4049 Qui
461 3932 625 4069 capite
651 3931 758 4071 ipse
784 3950 875 4030 s'uo
899 3931 950 4031 in
978 3932 1155 4035 statuit
1171 3930 1382 4070 vestigia
1407 3970 1528 4034 sese.
1554 3953 1556 3957 ’

329 4101 399 4203 Et
421 4127 590 4205 tamen
616 4103 711 4205 hoc
737 4143 944 4245 quoque
959 4106 1036 4206 uti
1054 4105 1324 4208 concedam
1346 4109 1487 4228 scire,
1509 4129 1562 4207 at
1579 4106 1630 4206 id
1652 4108 1820 4246 ipsum

331 4276 590 4401 Quaeram,
617 4282 801 4418 (quom
825 4280 879 4380 in
905 4277 1059 4381 rebus
1082 4282 1190 4381 veri
1213 4281 1287 4381 nil
1311 4280 1496 4381 viderit
1520 4283 1682 4417 ante,)

328 4448 482 4556 Unde
509 4454 648 4576 sciat,
675 4454 801 4593 quid
827 4454 893 4554 sit
917 4456 1059 4574 scire,
1087 4477 1139 4555 et
1162 4456 1354 4555 nescire
1378 4456 1625 4557 vicissim:

330 4622 581 4730 Notitiam
606 4630 713 4732 veri
739 4633 977 4768 quaeres,
1003 4626 1219 4769 falsique
1245 4631 1427 4730 crebrit
1441 4672 1455 4755 ;

331 4799 399 4903 Et
422 4801 639 4904 dubium
664 4825 801 4905 certo
826 4840 1048 4940 quaeres
1074 4801 1277 4903 differre
1303 4802 1565 4940 probarit?

399 4972 633 5078 Invenies
658 4977 833 5116 primis
859 4976 925 5077 ab
950 4976 1178 5078 sensibus
1203 5013 1308 5076 esse
1333 5001 1551 5080 creatam

225 5223 228 5227 .
330 5145 582 5252 Notitiam
607 5152 730 5272 veri,
755 5188 922 5293 neque
948 5189 1121 5254 sensus
1146 5188 1291 5291 posse
1315 5151 1509 5255 refelli:
