<?xml version="1.0" encoding="UTF-8"?>
<!DOCTYPE html PUBLIC "-//W3C//DTD XHTML 1.0 Transitional//EN"
    "http://www.w3.org/TR/xhtml1/DTD/xhtml1-transitional.dtd">
<html xmlns="http://www.w3.org/1999/xhtml" xml:lang="en" lang="en">
 <head>
  <title>
</title>
<meta http-equiv="Content-Type" content="text/html;charset=utf-8" />
  <meta name='ocr-system' content='tesseract 3.04.00' />
  <meta name='ocr-capabilities' content='ocr_page ocr_carea ocr_par ocr_line ocrx_word'/>
</head>
<body>
  <div class='ocr_page' id='page_1' title='image "./titilucretiicar05carugoog_0229.png"; bbox 0 0 4598 6112; ppageno 0'>
   <div class='ocr_carea' id='block_1_1' title="bbox 407 476 1622 612">
    <p class='ocr_par' dir='ltr' id='par_1_1' title="bbox 407 476 1622 612">
     <span class='ocr_line' id='line_1_1' title="bbox 407 476 1622 612; baseline 0 -2"><span class='ocrx_word' id='word_1_1' title='bbox 407 519 511 612; x_wconf 79' lang='lat' dir='ltr'>sao</span> <span class='ocrx_word' id='word_1_2' title='bbox 748 520 808 607; x_wconf 81' lang='lat' dir='ltr'>r.</span> <span class='ocrx_word' id='word_1_3' title='bbox 869 517 1299 610; x_wconf 74' lang='lat' dir='ltr'>nucnssrn</span> <span class='ocrx_word' id='word_1_4' title='bbox 1365 476 1622 611; x_wconf 68' lang='lat' dir='ltr'>canl·</span> 
     </span>
    </p>
   </div>
   <div class='ocr_carea' id='block_1_2' title="bbox 358 761 2007 5102">
    <p class='ocr_par' dir='ltr' id='par_1_2' title="bbox 358 761 2007 5102">
     <span class='ocr_line' id='line_1_2' title="bbox 409 761 1674 919; baseline -0.002 -33"><span class='ocrx_word' id='word_1_5' title='bbox 409 781 524 886; x_wconf 86' lang='lat' dir='ltr'>Neu</span> <span class='ocrx_word' id='word_1_6' title='bbox 551 803 763 919; x_wconf 87' lang='lat' dir='ltr'>potuere</span> <span class='ocrx_word' id='word_1_7' title='bbox 790 781 1022 916; x_wconf 82' lang='lat' dir='ltr'>cupitum</span> <span class='ocrx_word' id='word_1_8' title='bbox 1049 761 1213 881; x_wconf 83' lang='lat' dir='ltr'>aetatis</span> <span class='ocrx_word' id='word_1_9' title='bbox 1237 768 1450 918; x_wconf 76' lang='lat' dir='ltr'>tangere</span> <span class='ocrx_word' id='word_1_10' title='bbox 1475 783 1674 903; x_wconf 81' lang='lat' dir='ltr'>florem,</span> 
     </span>
     <span class='ocr_line' id='line_1_3' title="bbox 408 951 1875 1096; baseline -0.002 -34"><span class='ocrx_word' id='word_1_11' title='bbox 408 956 524 1062; x_wconf 88' lang='lat' dir='ltr'>Neo</span> <span class='ocrx_word' id='word_1_12' title='bbox 550 957 773 1092; x_wconf 90' lang='lat' dir='ltr'>reperire</span> <span class='ocrx_word' id='word_1_13' title='bbox 799 951 987 1075; x_wconf 82' lang='lat' dir='ltr'>cibum,</span> <span class='ocrx_word' id='word_1_14' title='bbox 1016 994 1110 1056; x_wconf 87' lang='lat' dir='ltr'>nee</span> <span class='ocrx_word' id='word_1_15' title='bbox 1127 956 1278 1094; x_wconf 89' lang='lat' dir='ltr'>jungi</span> <span class='ocrx_word' id='word_1_16' title='bbox 1306 994 1398 1096; x_wconf 88' lang='lat' dir='ltr'>per</span> <span class='ocrx_word' id='word_1_17' title='bbox 1417 957 1629 1060; x_wconf 84' lang='lat' dir='ltr'>Veneris</span> <span class='ocrx_word' id='word_1_18' title='bbox 1655 997 1749 1061; x_wconf 86' lang='lat' dir='ltr'>res.</span> <span class='ocrx_word' id='word_1_19' title='bbox 1860 988 1875 1013; x_wconf 86' lang='lat'><strong>·</strong></span> 
     </span>
     <span class='ocr_line' id='line_1_4' title="bbox 408 1128 1726 1252; baseline -0.002 -20"><span class='ocrx_word' id='word_1_20' title='bbox 408 1130 580 1232; x_wconf 87' lang='lat' dir='ltr'>Multa</span> <span class='ocrx_word' id='word_1_21' title='bbox 603 1129 834 1228; x_wconf 87' lang='lat' dir='ltr'>videmus</span> <span class='ocrx_word' id='word_1_22' title='bbox 860 1129 996 1228; x_wconf 88' lang='lat' dir='ltr'>enim</span> <span class='ocrx_word' id='word_1_23' title='bbox 1022 1128 1175 1229; x_wconf 91' lang='lat' dir='ltr'>rebus</span> <span class='ocrx_word' id='word_1_24' title='bbox 1201 1168 1499 1232; x_wconf 85' lang='lat' dir='ltr'>concurrere</span> <span class='ocrx_word' id='word_1_25' title='bbox 1524 1129 1726 1252; x_wconf 83' lang='lat' dir='ltr'>debere,</span> 
     </span>
     <span class='ocr_line' id='line_1_5' title="bbox 408 1300 1550 1441; baseline 0 -34"><span class='ocrx_word' id='word_1_26' title='bbox 408 1303 483 1408; x_wconf 90' lang='lat' dir='ltr'>Ut</span> <span class='ocrx_word' id='word_1_27' title='bbox 507 1301 842 1441; x_wconf 84' lang='lat' dir='ltr'>propagando</span> <span class='ocrx_word' id='word_1_28' title='bbox 867 1302 1063 1437; x_wconf 86' lang='lat' dir='ltr'><strong>possint</strong></span> <span class='ocrx_word' id='word_1_29' title='bbox 1087 1300 1368 1438; x_wconf 88' lang='lat' dir='ltr'>producere</span> <span class='ocrx_word' id='word_1_30' title='bbox 1389 1307 1550 1407; x_wconf 85' lang='lat' dir='ltr'>saecla.</span> 
     </span>
     <span class='ocr_line' id='line_1_6' title="bbox 404 1473 1831 1616; baseline -0.001 -36"><span class='ocrx_word' id='word_1_31' title='bbox 404 1477 602 1580; x_wconf 86' lang='lat' dir='ltr'>Pabula</span> <span class='ocrx_word' id='word_1_32' title='bbox 626 1480 849 1615; x_wconf 85' lang='lat' dir='ltr'>primum</span> <span class='ocrx_word' id='word_1_33' title='bbox 874 1498 932 1574; x_wconf 87' lang='lat' dir='ltr'>ut</span> <span class='ocrx_word' id='word_1_34' title='bbox 957 1473 1074 1595; x_wconf 87' lang='lat' dir='ltr'>sint,</span> <span class='ocrx_word' id='word_1_35' title='bbox 1093 1475 1334 1612; x_wconf 83' lang='lat' dir='ltr'>genitalia</span> <span class='ocrx_word' id='word_1_36' title='bbox 1360 1478 1545 1578; x_wconf 88' lang='lat' dir='ltr'>deinde</span> <span class='ocrx_word' id='word_1_37' title='bbox 1569 1515 1663 1616; x_wconf 86' lang='lat' dir='ltr'>per</span> <span class='ocrx_word' id='word_1_38' title='bbox 1687 1501 1831 1580; x_wconf 83' lang='lat' dir='ltr'>artus</span> 
     </span>
     <span class='ocr_line' id='line_1_7' title="bbox 407 1647 1803 1793; baseline -0.001 -36"><span class='ocrx_word' id='word_1_39' title='bbox 407 1655 609 1757; x_wconf 88' lang='lat' dir='ltr'>Semina</span> <span class='ocrx_word' id='word_1_40' title='bbox 638 1693 741 1793; x_wconf 86' lang='lat' dir='ltr'>qua</span> <span class='ocrx_word' id='word_1_41' title='bbox 763 1652 959 1791; x_wconf 82' lang='lat' dir='ltr'>possint</span> <span class='ocrx_word' id='word_1_42' title='bbox 982 1647 1220 1749; x_wconf 86' lang='lat' dir='ltr'>membris</span> <span class='ocrx_word' id='word_1_43' title='bbox 1244 1687 1451 1754; x_wconf 89' lang='lat' dir='ltr'>manare</span> <span class='ocrx_word' id='word_1_44' title='bbox 1473 1655 1723 1756; x_wconf 80' lang='lat' dir='ltr'>remissis:</span> <span class='ocrx_word' id='word_1_45' title='bbox 1794 1712 1803 1731; x_wconf 91' lang='lat'><strong>·</strong></span> 
     </span>
     <span class='ocr_line' id='line_1_8' title="bbox 406 1821 1746 1966; baseline -0.003 -36"><span class='ocrx_word' id='word_1_46' title='bbox 406 1828 734 1966; x_wconf 86' lang='lat' dir='ltr'>Foeminaque</span> <span class='ocrx_word' id='word_1_47' title='bbox 759 1849 820 1927; x_wconf 88' lang='lat' dir='ltr'>ut</span> <span class='ocrx_word' id='word_1_48' title='bbox 843 1821 1067 1924; x_wconf 86' lang='lat' dir='ltr'>maribus</span> <span class='ocrx_word' id='word_1_49' title='bbox 1095 1822 1335 1963; x_wconf 85' lang='lat' dir='ltr'>conjungi</span> <span class='ocrx_word' id='word_1_50' title='bbox 1362 1829 1536 1964; x_wconf 88' lang='lat' dir='ltr'>possit,</span> <span class='ocrx_word' id='word_1_51' title='bbox 1557 1825 1746 1928; x_wconf 89' lang='lat' dir='ltr'>habere</span> 
     </span>
     <span class='ocr_line' id='line_1_9' title="bbox 406 1999 1735 2140; baseline -0.005 -36"><span class='ocrx_word' id='word_1_52' title='bbox 406 1999 598 2130; x_wconf 85' lang='lat' dir='ltr'>Mutua</span> <span class='ocrx_word' id='word_1_53' title='bbox 623 2003 767 2140; x_wconf 85' lang='lat' dir='ltr'>queis</span> <span class='ocrx_word' id='word_1_54' title='bbox 792 2021 999 2101; x_wconf 84' lang='lat' dir='ltr'>nectant</span> <span class='ocrx_word' id='word_1_55' title='bbox 1024 1999 1158 2097; x_wconf 87' lang='lat' dir='ltr'>inter</span> <span class='ocrx_word' id='word_1_56' title='bbox 1182 2035 1233 2096; x_wconf 90' lang='lat' dir='ltr'>se</span> <span class='ocrx_word' id='word_1_57' title='bbox 1258 2000 1463 2138; x_wconf 87' lang='lat' dir='ltr'>gaudia,</span> <span class='ocrx_word' id='word_1_58' title='bbox 1490 2001 1735 2140; x_wconf 88' lang='lat' dir='ltr'>utrisque.</span> 
     </span>
     <span class='ocr_line' id='line_1_10' title="bbox 458 2173 2007 2313; baseline 0.001 -37"><span class='ocrx_word' id='word_1_59' title='bbox 458 2173 1899 2313; x_wconf 84' lang='lat' dir='ltr'>Multaquetuminteriisseanimantumsaeclanecesseest,</span> <span class='ocrx_word' id='word_1_60' title='bbox 2003 2303 2007 2310; x_wconf 84' lang='lat'>.</span> 
     </span>
     <span class='ocr_line' id='line_1_11' title="bbox 407 2345 1754 2488; baseline -0.001 -37"><span class='ocrx_word' id='word_1_61' title='bbox 407 2348 523 2452; x_wconf 87' lang='lat' dir='ltr'>Neo</span> <span class='ocrx_word' id='word_1_62' title='bbox 548 2351 773 2488; x_wconf 88' lang='lat' dir='ltr'>potuisse</span> <span class='ocrx_word' id='word_1_63' title='bbox 797 2345 1131 2487; x_wconf 83' lang='lat' dir='ltr'>propagando</span> <span class='ocrx_word' id='word_1_64' title='bbox 1155 2347 1437 2484; x_wconf 82' lang='lat' dir='ltr'>procudere</span> <span class='ocrx_word' id='word_1_65' title='bbox 1461 2349 1670 2485; x_wconf 88' lang='lat' dir='ltr'>prolem.</span> <span class='ocrx_word' id='word_1_66' title='bbox 1751 2354 1754 2359; x_wconf 70' lang='grc'><strong>’</strong></span> 
     </span>
     <span class='ocr_line' id='line_1_12' title="bbox 406 2522 1658 2665; baseline -0.003 -37"><span class='ocrx_word' id='word_1_67' title='bbox 406 2522 545 2628; x_wconf 86' lang='lat' dir='ltr'>Nam</span> <span class='ocrx_word' id='word_1_68' title='bbox 572 2563 896 2665; x_wconf 89' lang='lat' dir='ltr'>quaecunque</span> <span class='ocrx_word' id='word_1_69' title='bbox 922 2523 1062 2625; x_wconf 83' lang='lat' dir='ltr'>vides</span> <span class='ocrx_word' id='word_1_70' title='bbox 1086 2522 1217 2624; x_wconf 89' lang='lat' dir='ltr'>vesci</span> <span class='ocrx_word' id='word_1_71' title='bbox 1241 2523 1480 2625; x_wconf 85' lang='lat' dir='ltr'>vitalibus</span> <span class='ocrx_word' id='word_1_72' title='bbox 1505 2526 1658 2645; x_wconf 89' lang='lat' dir='ltr'>auris,</span> 
     </span>
     <span class='ocr_line' id='line_1_13' title="bbox 401 2690 1909 2835; baseline -0.001 -37"><span class='ocrx_word' id='word_1_73' title='bbox 401 2699 512 2798; x_wconf 89' lang='lat' dir='ltr'>Aut</span> <span class='ocrx_word' id='word_1_74' title='bbox 536 2699 698 2818; x_wconf 85' lang='lat' dir='ltr'>dolus,</span> <span class='ocrx_word' id='word_1_75' title='bbox 726 2719 814 2798; x_wconf 85' lang='lat' dir='ltr'>aut</span> <span class='ocrx_word' id='word_1_76' title='bbox 837 2698 1014 2810; x_wconf 73' lang='lat' dir='ltr'>vinus,</span> <span class='ocrx_word' id='word_1_77' title='bbox 1041 2718 1130 2796; x_wconf 86' lang='lat' dir='ltr'>aut</span> <span class='ocrx_word' id='word_1_78' title='bbox 1157 2695 1379 2835; x_wconf 88' lang='lat' dir='ltr'>denique</span> <span class='ocrx_word' id='word_1_79' title='bbox 1404 2699 1659 2799; x_wconf 79' lang='lat' dir='ltr'>mobilitas</span> <span class='ocrx_word' id='word_1_80' title='bbox 1684 2720 1761 2798; x_wconf 90' lang='lat' dir='ltr'>est</span> <span class='ocrx_word' id='word_1_81' title='bbox 1904 2690 1909 2696; x_wconf 51' lang='grc'><strong>’</strong></span> 
     </span>
     <span class='ocr_line' id='line_1_14' title="bbox 403 2870 1612 3009; baseline 0.001 -36"><span class='ocrx_word' id='word_1_82' title='bbox 403 2871 486 2973; x_wconf 86' lang='lat' dir='ltr'>Ex</span> <span class='ocrx_word' id='word_1_83' title='bbox 511 2875 720 2974; x_wconf 90' lang='lat' dir='ltr'>ineunte</span> <span class='ocrx_word' id='word_1_84' title='bbox 744 2911 853 2974; x_wconf 87' lang='lat' dir='ltr'>aevo</span> <span class='ocrx_word' id='word_1_85' title='bbox 876 2909 1037 3009; x_wconf 84' lang='lat' dir='ltr'>genus</span> <span class='ocrx_word' id='word_1_86' title='bbox 1063 2870 1116 2970; x_wconf 93' lang='lat' dir='ltr'>id</span> <span class='ocrx_word' id='word_1_87' title='bbox 1142 2892 1307 2970; x_wconf 80' lang='lat' dir='ltr'>tutata</span> <span class='ocrx_word' id='word_1_88' title='bbox 1325 2909 1612 2974; x_wconf 86' lang='lat' dir='ltr'>reservans:</span> 
     </span>
     <span class='ocr_line' id='line_1_15' title="bbox 402 3043 1611 3184; baseline 0.002 -39"><span class='ocrx_word' id='word_1_89' title='bbox 402 3043 679 3183; x_wconf 88' lang='lat' dir='ltr'>Multaque</span> <span class='ocrx_word' id='word_1_90' title='bbox 706 3069 841 3167; x_wconf 86' lang='lat' dir='ltr'>sunt,</span> <span class='ocrx_word' id='word_1_91' title='bbox 868 3044 1015 3147; x_wconf 91' lang='lat' dir='ltr'>nobis</span> <span class='ocrx_word' id='word_1_92' title='bbox 1040 3084 1105 3146; x_wconf 85' lang='lat' dir='ltr'>ex</span> <span class='ocrx_word' id='word_1_93' title='bbox 1131 3046 1350 3151; x_wconf 81' lang='lat' dir='ltr'>utilitate</span> <span class='ocrx_word' id='word_1_94' title='bbox 1375 3085 1466 3147; x_wconf 86' lang='lat' dir='ltr'>sua</span> <span class='ocrx_word' id='word_1_95' title='bbox 1491 3083 1611 3184; x_wconf 83' lang='lat' dir='ltr'>quae</span> 
     </span>
     <span class='ocr_line' id='line_1_16' title="bbox 403 3215 1641 3348; baseline 0.003 -30"><span class='ocrx_word' id='word_1_96' title='bbox 403 3215 771 3319; x_wconf 85' lang='lat' dir='ltr'>Commendata</span> <span class='ocrx_word' id='word_1_97' title='bbox 796 3239 1003 3319; x_wconf 85' lang='lat' dir='ltr'>manent</span> <span class='ocrx_word' id='word_1_98' title='bbox 1028 3220 1203 3323; x_wconf 85' lang='lat' dir='ltr'>tutelae</span> <span class='ocrx_word' id='word_1_99' title='bbox 1228 3221 1414 3348; x_wconf 84' lang='lat' dir='ltr'>tradita</span> <span class='ocrx_word' id='word_1_100' title='bbox 1439 3243 1641 3324; x_wconf 87' lang='lat' dir='ltr'>nostrae.</span> 
     </span>
     <span class='ocr_line' id='line_1_17' title="bbox 401 3389 1686 3533; baseline 0.003 -41"><span class='ocrx_word' id='word_1_101' title='bbox 401 3389 676 3529; x_wconf 87' lang='lat' dir='ltr'>Principio,</span> <span class='ocrx_word' id='word_1_102' title='bbox 703 3429 865 3529; x_wconf 83' lang='lat' dir='ltr'>genus</span> <span class='ocrx_word' id='word_1_103' title='bbox 892 3428 1003 3491; x_wconf 87' lang='lat' dir='ltr'>aere</span> <span class='ocrx_word' id='word_1_104' title='bbox 1029 3392 1249 3514; x_wconf 91' lang='lat' dir='ltr'>leonum,</span> <span class='ocrx_word' id='word_1_105' title='bbox 1276 3432 1512 3533; x_wconf 83' lang='lat' dir='ltr'>saevaque</span> <span class='ocrx_word' id='word_1_106' title='bbox 1539 3395 1686 3496; x_wconf 83' lang='lat' dir='ltr'>saecla</span> 
     </span>
     <span class='ocr_line' id='line_1_18' title="bbox 358 3563 1729 3706; baseline 0.004 -40"><span class='ocrx_word' id='word_1_107' title='bbox 358 3572 363 3579; x_wconf 76' lang='grc'><strong>’</strong></span> <span class='ocrx_word' id='word_1_108' title='bbox 398 3563 589 3667; x_wconf 88' lang='lat' dir='ltr'>Tutata</span> <span class='ocrx_word' id='word_1_109' title='bbox 614 3588 691 3666; x_wconf 91' lang='lat' dir='ltr'>est</span> <span class='ocrx_word' id='word_1_110' title='bbox 708 3566 884 3685; x_wconf 83' lang='lat' dir='ltr'>virtus,</span> <span class='ocrx_word' id='word_1_111' title='bbox 909 3565 1103 3702; x_wconf 81' lang='lat' dir='ltr'>volpeis</span> <span class='ocrx_word' id='word_1_112' title='bbox 1129 3567 1290 3689; x_wconf 76' lang='lat' dir='ltr'>dulae,</span> <span class='ocrx_word' id='word_1_113' title='bbox 1318 3592 1369 3668; x_wconf 89' lang='lat' dir='ltr'>et</span> <span class='ocrx_word' id='word_1_114' title='bbox 1393 3569 1517 3706; x_wconf 87' lang='lat' dir='ltr'>fuga</span> <span class='ocrx_word' id='word_1_115' title='bbox 1542 3607 1729 3672; x_wconf 86' lang='lat' dir='ltr'>cervos.</span> 
     </span>
     <span class='ocr_line' id='line_1_19' title="bbox 397 3739 1668 3879; baseline 0.001 -39"><span class='ocrx_word' id='word_1_116' title='bbox 397 3741 471 3840; x_wconf 90' lang='lat' dir='ltr'>At</span> <span class='ocrx_word' id='word_1_117' title='bbox 494 3741 767 3841; x_wconf 88' lang='lat' dir='ltr'>levisomna</span> <span class='ocrx_word' id='word_1_118' title='bbox 791 3777 975 3841; x_wconf 85' lang='lat' dir='ltr'>canum</span> <span class='ocrx_word' id='word_1_119' title='bbox 1000 3739 1104 3839; x_wconf 87' lang='lat' dir='ltr'>fido</span> <span class='ocrx_word' id='word_1_120' title='bbox 1129 3779 1244 3840; x_wconf 86' lang='lat' dir='ltr'>cum</span> <span class='ocrx_word' id='word_1_121' title='bbox 1269 3765 1475 3879; x_wconf 86' lang='lat' dir='ltr'>pectore</span> <span class='ocrx_word' id='word_1_122' title='bbox 1499 3743 1668 3862; x_wconf 85' lang='lat' dir='ltr'>eorda,</span> 
     </span>
     <span class='ocr_line' id='line_1_20' title="bbox 399 3911 1920 4054; baseline 0.002 -40"><span class='ocrx_word' id='word_1_123' title='bbox 399 3911 470 4014; x_wconf 87' lang='lat' dir='ltr'>Et</span> <span class='ocrx_word' id='word_1_124' title='bbox 494 3952 655 4053; x_wconf 84' lang='lat' dir='ltr'>genus</span> <span class='ocrx_word' id='word_1_125' title='bbox 680 3949 828 4011; x_wconf 90' lang='lat' dir='ltr'>omne</span> <span class='ocrx_word' id='word_1_126' title='bbox 850 3911 988 4049; x_wconf 87' lang='lat' dir='ltr'>quod</span> <span class='ocrx_word' id='word_1_127' title='bbox 1015 3935 1092 4011; x_wconf 87' lang='lat' dir='ltr'>est</span> <span class='ocrx_word' id='word_1_128' title='bbox 1115 3918 1340 4045; x_wconf 84' lang='lat' dir='ltr'>veterino</span> <span class='ocrx_word' id='word_1_129' title='bbox 1366 3916 1554 4016; x_wconf 89' lang='lat' dir='ltr'>semine</span> <span class='ocrx_word' id='word_1_130' title='bbox 1578 3938 1803 4054; x_wconf 85' lang='lat' dir='ltr'>partum,</span> <span class='ocrx_word' id='word_1_131' title='bbox 1916 4019 1920 4026; x_wconf 67' lang='grc'>,</span> 
     </span>
     <span class='ocr_line' id='line_1_21' title="bbox 400 4049 1682 4227; baseline 0.001 -38"><span class='ocrx_word' id='word_1_132' title='bbox 400 4049 773 4227; x_wconf 52' lang='lat' dir='ltr'>lanigeraeque</span> <span class='ocrx_word' id='word_1_133' title='bbox 798 4086 948 4186; x_wconf 88' lang='lat' dir='ltr'>simul</span> <span class='ocrx_word' id='word_1_134' title='bbox 972 4084 1210 4223; x_wconf 81' lang='lat' dir='ltr'>pecudes,</span> <span class='ocrx_word' id='word_1_135' title='bbox 1231 4109 1283 4187; x_wconf 89' lang='lat' dir='ltr'>et</span> <span class='ocrx_word' id='word_1_136' title='bbox 1308 4087 1495 4190; x_wconf 79' lang='lat' dir='ltr'>bucera</span> <span class='ocrx_word' id='word_1_137' title='bbox 1518 4090 1682 4211; x_wconf 66' lang='lat' dir='ltr'>saeela3</span> 
     </span>
     <span class='ocr_line' id='line_1_22' title="bbox 401 4256 1794 4384; baseline -0.001 -19"><span class='ocrx_word' id='word_1_138' title='bbox 401 4261 591 4365; x_wconf 86' lang='lat' dir='ltr'>Omnia</span> <span class='ocrx_word' id='word_1_139' title='bbox 617 4285 734 4362; x_wconf 84' lang='lat' dir='ltr'>sunt</span> <span class='ocrx_word' id='word_1_140' title='bbox 759 4259 1024 4363; x_wconf 88' lang='lat' dir='ltr'>hominum</span> <span class='ocrx_word' id='word_1_141' title='bbox 1049 4261 1224 4362; x_wconf 87' lang='lat' dir='ltr'>tutelae</span> <span class='ocrx_word' id='word_1_142' title='bbox 1250 4261 1454 4384; x_wconf 84' lang='lat' dir='ltr'>tradita,</span> <span class='ocrx_word' id='word_1_143' title='bbox 1482 4261 1714 4366; x_wconf 88' lang='lat' dir='ltr'>Memmi.</span> <span class='ocrx_word' id='word_1_144' title='bbox 1784 4256 1794 4275; x_wconf 59' lang='lat'>⁶</span> 
     </span>
     <span class='ocr_line' id='line_1_23' title="bbox 399 4435 1645 4575; baseline -0.003 -33"><span class='ocrx_word' id='word_1_145' title='bbox 399 4436 536 4545; x_wconf 88' lang='lat' dir='ltr'>Nam</span> <span class='ocrx_word' id='word_1_146' title='bbox 566 4436 751 4574; x_wconf 83' lang='lat' dir='ltr'>cupide</span> <span class='ocrx_word' id='word_1_147' title='bbox 776 4436 953 4575; x_wconf 85' lang='lat' dir='ltr'>fugere</span> <span class='ocrx_word' id='word_1_148' title='bbox 980 4435 1129 4554; x_wconf 84' lang='lat' dir='ltr'>feras,</span> <span class='ocrx_word' id='word_1_149' title='bbox 1154 4473 1432 4573; x_wconf 88' lang='lat' dir='ltr'>pacemque</span> <span class='ocrx_word' id='word_1_150' title='bbox 1459 4460 1645 4538; x_wconf 84' lang='lat' dir='ltr'>secutae</span> 
     </span>
     <span class='ocr_line' id='line_1_24' title="bbox 399 4606 1779 4748; baseline 0 -33"><span class='ocrx_word' id='word_1_151' title='bbox 399 4612 549 4735; x_wconf 80' lang='lat' dir='ltr'>Sunt,</span> <span class='ocrx_word' id='word_1_152' title='bbox 574 4634 627 4711; x_wconf 88' lang='lat' dir='ltr'>et</span> <span class='ocrx_word' id='word_1_153' title='bbox 648 4611 790 4748; x_wconf 83' lang='lat' dir='ltr'>larga</span> <span class='ocrx_word' id='word_1_154' title='bbox 816 4647 906 4709; x_wconf 88' lang='lat' dir='ltr'>suo</span> <span class='ocrx_word' id='word_1_155' title='bbox 933 4610 1038 4709; x_wconf 88' lang='lat' dir='ltr'>sine</span> <span class='ocrx_word' id='word_1_156' title='bbox 1065 4606 1255 4745; x_wconf 88' lang='lat' dir='ltr'>pabula</span> <span class='ocrx_word' id='word_1_157' title='bbox 1280 4633 1427 4748; x_wconf 85' lang='lat' dir='ltr'>parta</span> <span class='ocrx_word' id='word_1_158' title='bbox 1443 4609 1652 4716; x_wconf 86' lang='lat' dir='ltr'>labore:</span> <span class='ocrx_word' id='word_1_159' title='bbox 1778 4683 1779 4687; x_wconf 18' lang='grc' dir='ltr'><strong><em>κ</em></strong></span> 
     </span>
     <span class='ocr_line' id='line_1_25' title="bbox 400 4785 1749 4935; baseline -0.003 -47"><span class='ocrx_word' id='word_1_160' title='bbox 400 4786 532 4908; x_wconf 81' lang='lat' dir='ltr'>Quae</span> <span class='ocrx_word' id='word_1_161' title='bbox 559 4787 739 4935; x_wconf 83' lang='lat' dir='ltr'>damus</span> <span class='ocrx_word' id='word_1_162' title='bbox 764 4785 996 4887; x_wconf 86' lang='lat' dir='ltr'>utilitatis</span> <span class='ocrx_word' id='word_1_163' title='bbox 1023 4823 1195 4886; x_wconf 90' lang='lat' dir='ltr'>eorum</span> <span class='ocrx_word' id='word_1_164' title='bbox 1223 4786 1433 4923; x_wconf 86' lang='lat' dir='ltr'>praemia</span> <span class='ocrx_word' id='word_1_165' title='bbox 1458 4824 1625 4887; x_wconf 86' lang='lat' dir='ltr'>causa.</span> <span class='ocrx_word' id='word_1_166' title='bbox 1747 4880 1749 4884; x_wconf 85' lang='grc'>,</span> 
     </span>
     <span class='ocr_line' id='line_1_26' title="bbox 397 4958 1644 5102; baseline -0.002 -40"><span class='ocrx_word' id='word_1_167' title='bbox 397 4961 484 5082; x_wconf 88' lang='lat' dir='ltr'>At,</span> <span class='ocrx_word' id='word_1_168' title='bbox 513 4965 656 5102; x_wconf 88' lang='lat' dir='ltr'>queis</span> <span class='ocrx_word' id='word_1_169' title='bbox 681 4962 753 5062; x_wconf 91' lang='lat' dir='ltr'>nil</span> <span class='ocrx_word' id='word_1_170' title='bbox 779 4958 961 5065; x_wconf 90' lang='lat' dir='ltr'>horum</span> <span class='ocrx_word' id='word_1_171' title='bbox 986 4960 1167 5096; x_wconf 85' lang='lat' dir='ltr'>tribuit</span> <span class='ocrx_word' id='word_1_172' title='bbox 1192 4982 1390 5082; x_wconf 85' lang='lat' dir='ltr'>natura,</span> <span class='ocrx_word' id='word_1_173' title='bbox 1414 4999 1507 5062; x_wconf 88' lang='lat' dir='ltr'>nec</span> <span class='ocrx_word' id='word_1_174' title='bbox 1533 4963 1644 5099; x_wconf 91' lang='lat' dir='ltr'>ipsa</span> 
     </span>
    </p>
   </div>
   <div class='ocr_carea' id='block_1_3' title="bbox 399 5133 1661 5277">
    <p class='ocr_par' dir='ltr' id='par_1_3' title="bbox 399 5133 1661 5277">
     <span class='ocr_line' id='line_1_27' title="bbox 399 5133 1661 5277; baseline 0.002 -42"><span class='ocrx_word' id='word_1_175' title='bbox 399 5133 593 5275; x_wconf 86' lang='lat' dir='ltr'>Sponte</span> <span class='ocrx_word' id='word_1_176' title='bbox 617 5177 707 5240; x_wconf 86' lang='lat' dir='ltr'>sua</span> <span class='ocrx_word' id='word_1_177' title='bbox 731 5163 937 5277; x_wconf 85' lang='lat' dir='ltr'>possent</span> <span class='ocrx_word' id='word_1_178' title='bbox 961 5161 1021 5240; x_wconf 88' lang='lat' dir='ltr'>ut</span> <span class='ocrx_word' id='word_1_179' title='bbox 1037 5140 1221 5259; x_wconf 84' lang='lat' dir='ltr'>vivere,</span> <span class='ocrx_word' id='word_1_180' title='bbox 1246 5173 1338 5237; x_wconf 87' lang='lat' dir='ltr'>nec</span> <span class='ocrx_word' id='word_1_181' title='bbox 1366 5136 1489 5237; x_wconf 88' lang='lat' dir='ltr'>dare</span> <span class='ocrx_word' id='word_1_182' title='bbox 1511 5135 1661 5238; x_wconf 90' lang='lat' dir='ltr'>nobis</span> 
     </span>
    </p>
   </div>
   <div class='ocr_carea' id='block_1_4' title="bbox 0 0 2311 6112">
    <p class='ocr_par' dir='ltr' id='par_1_4' title="bbox 0 0 2311 6112">
     <span class='ocr_line' id='line_1_28' title="bbox 0 0 2311 6112; baseline 0 0"><span class='ocrx_word' id='word_1_183' title='bbox 0 0 2311 6112; x_wconf 95' lang='lat' dir='ltr'> </span> 
     </span>
    </p>
   </div>
  </div>
 </body>
</html>
