4598 6112
797 491 1091 621 LIBER
1127 492 1503 588 ,ammos

419 738 569 840 Clara
593 762 697 839 tuae
721 739 907 875 possim
933 739 1266 876 praepandere
1285 740 1480 839 lumina
1504 743 1678 869 menti,

416 910 518 1014 Res
545 911 732 1052 quibus
757 913 978 1013 occultas
1003 913 1207 1051 penitus
1232 913 1487 1014 convisere
1511 915 1687 1052 possis,

487 1087 641 1188 Hune
653 1089 665 1186 i
671 1079 811 1224 gitur
824 1108 1063 1188 terrorem
1082 1086 1809 1226 animi,tenebrasqueneoesse
1829 1115 1906 1195 est

414 1259 536 1364 Non
564 1262 692 1361 radii
717 1261 849 1380 solis,
872 1298 1040 1399 neque
1064 1261 1236 1361 lucida
1258 1261 1360 1360 tela
1385 1262 1485 1362 diei

413 1432 719 1554 Discutiant‚
748 1435 833 1533 sed
860 1456 1056 1537 naturae
1081 1437 1287 1574 speeies
1313 1436 1574 1575 ratioque:
1668 1468 1670 1473 ·

411 1606 725 1744 Principium
752 1603 869 1706 hino
894 1606 1036 1746 cujus
1060 1607 1206 1709 nobis
1231 1609 1440 1709 exordia
1464 1634 1658 1737 sumet3

412 1782 465 1884 N
473 1819 635 1881 annun
665 1818 764 1879 nnn
795 1819 821 1878 u
851 1817 1024 1881 ummo
1054 1818 1198 1881 emm
1229 1794 1480 1881 mvimrus
1509 1818 1733 1906 unouru,

411 1955 620 2095 Quippe
646 1958 719 2057 ita
740 1956 958 2057 formido
984 1958 1237 2058 mortaleis
1262 1960 1488 2059 continet
1511 1963 1720 2083 omneis,
1871 1934 1872 1938 Ν

410 2128 563 2251 Quod
591 2132 752 2231 multa
774 2132 826 2230 in
844 2124 1007 2231 terris
1023 2130 1132 2230 fieri
1158 2131 1385 2271 eoeloque
1410 2155 1635 2257 tuentur,

409 2303 641 2424 Quorum
666 2343 876 2442 operum
905 2300 1077 2404 causas
1102 2305 1242 2405 nulla
1266 2307 1459 2407 ratione
1483 2307 1655 2407 videre

406 2478 640 2624 Possunt,
669 2519 725 2581 ao
753 2480 860 2579 fieri
887 2479 1057 2580 divino
1071 2480 1289 2580 numine
1315 2488 1505 2581 rentur.
1528 2496 1532 2504 ’
1712 2480 1715 2486 ’

408 2651 549 2773 Quas
574 2653 640 2754 ob
666 2626 761 2774 res,
788 2652 875 2753 ubi
902 2652 1174 2754 viderimus
1193 2653 1266 2751 nil
1291 2650 1437 2790 posse
1462 2655 1621 2755 creari

405 2825 487 2928 De
513 2827 690 2948 nihilo,
716 2851 842 2948 tum,
871 2824 1010 2965 quod
1037 2824 1315 2961 sequimur,
1341 2824 1449 2961 jam
1474 2828 1659 2928 rectius
1677 2827 1798 2929 inde

402 2999 786 3140 Perspiciamus,
813 3024 872 3100 ut
895 2999 1031 3099 unde
1059 3021 1214 3137 queat
1238 3008 1316 3098 res
1343 3036 1563 3139 quaeque
1589 3002 1764 3124 creari,

402 3175 601 3316 thuo
628 3214 848 3316 quaeque
874 3174 1026 3274 modo
1051 3172 1177 3272 fiant
1201 3209 1356 3309 opera
1380 3173 1487 3271 sine
1513 3171 1697 3274 divom.

470 3348 608 3452 Nam
636 3350 675 3449 si
702 3349 767 3449 de
791 3346 951 3449 nihilo
975 3347 1172 3467 fierent,
1200 3385 1264 3445 ex
1289 3343 1523 3446 omnibus
1547 3344 1700 3447 'rebus

400 3522 569 3626 Omne
592 3561 754 3662 genus
780 3523 914 3622 nasei
939 3516 1135 3659 posset3
1173 3522 1245 3620 nil
1271 3518 1459 3621 semine
1484 3540 1679 3657 egeret:

397 3697 443 3799 E
470 3684 605 3799 mare
630 3699 852 3837 primum
878 3693 1123 3814 homines,
1150 3732 1178 3793 e
1203 3715 1338 3793 terra
1360 3713 1531 3828 posset
1554 3692 1671 3793 oriri

396 3850 840 4012 Squammigerum
865 3906 1027 4008 genus
1051 3890 1104 3967 et
1125 3867 1352 3970 volucres
1368 3839 1389 3988 ;Ι
1421 3886 1685 4004 erumpere
1712 3869 1837 3970 ooelo

390 4043 638 4145 Armenta
662 4065 815 4179 atque
841 4042 953 4141 aliae
977 4041 1221 4178 pecudes:
1260 4078 1422 4179 genus
1446 4080 1595 4144 omne
1619 4043 1839 4159 ferarum

391 4215 592 4319 Incerto
616 4237 766 4353 partu
792 4214 944 4335 culta,
971 4248 1028 4315 ao
1054 4214 1251 4314 deserta
1273 4237 1497 4315 teneret:
1782 4185 1788 4196 ¹

390 4390 504 4492 Nec
528 4390 722 4491 fructus
747 4387 900 4487 iidem
926 4385 1190 4487 arboribus
1215 4409 1441 4490 constare
1467 4391 1699 4512 solerent,
1783 4408 1786 4412 ’

390 4565 489 4665 Sed
517 4566 862 4665 mutarentur:
900 4558 1031 4661 ferre
1054 4566 1228 4660 omnes
1252 4564 1420 4664 omnia
1443 4587 1663 4701 possent.

390 4736 615 4876 Quippe,
643 4735 731 4837 ubi
756 4773 858 4836 non
884 4754 1050 4837 essent
1074 4736 1316 4870 genitalia
1333 4774 1544 4875 corpora
1562 4741 1802 4879 quoique,

388 4909 493 5033 Qut
517 4934 686 5048 posset
710 4934 871 5011 mater
893 4894 1045 5008 rebus
1059 4910 1338 5010 ¹consistere
1363 4915 1523 5012 certal

385 5087 457 5188 At
480 5125 616 5188 nunc
642 5085 916 5189 seminibus
941 5087 1063 5227 quia
1087 5088 1234 5187 certis
1261 5085 1490 5226 quidque
1509 5108 1722 5209 creatur,

1080 5269 1099 5310 c
