4598 6112
748 519 1026 610 LIBER
1091 516 1515 611 QUARTUS.
1782 514 1876 610 151

375 778 688 920 Obsiditque
712 781 817 882 vias
841 778 1122 898 oculorum,
1148 818 1213 879 ne
1240 778 1508 880 simulacra

314 994 323 1013 ·
373 950 580 1055 Possint
604 956 823 1058 ullarum
849 992 1018 1056 rerum
1046 954 1273 1092 conjecta
1297 955 1504 1057 moveri.

446 1126 841 1269 Quadratasque
865 1128 1045 1267 procul
1070 1130 1257 1230 turreis
1281 1166 1396 1228 oum
1426 1128 1679 1231 cernimus
1705 1127 1863 1250 urbiS,

370 1300 653 1451 Propterea
677 1305 738 1407 fit
753 1307 837 1406 -uti
862 1303 1136 1406 videantur
1160 1339 1296 1438 saepe
1322 1303 1575 1422 rotundae,

216 1570 222 1581 .
370 1461 609 1620 Angulus
636 1479 850 1584 obtusus
875 1482 999 1619 quia
1022 1480 1177 1616 longe
1203 1481 1429 1580 cernitur
1452 1479 1634 1600 omnis,

373 1652 491 1758 Sive
519 1659 673 1759 etiam
696 1657 870 1796 potius
896 1693 1000 1755 non
1026 1653 1252 1754 cernitur
1267 1695 1280 1778 3
1320 1692 1376 1754 ao
1403 1656 1537 1792 perit
1560 1656 1604 1793 ej
1615 1693 1671 1756 us

372 1827 549 1971 Plaga,
575 1872 670 1935 neo
697 1833 758 1934 ad
790 1854 984 1933 nostras
1009 1828 1140 1930 acies
1164 1826 1448 1966 perlabitur
1472 1830 1632 1930 ictus:

371 2004 510 2105 Aera
535 2044 628 2143 per
653 2007 871 2107 multum
899 2004 1023 2145 quia
1047 2002 1172 2102 dum
1198 2002 1464 2103 simulacra
1486 2000 1742 2149 feruntur,

376 2176 531 2319 Cogit
556 2179 827 2283 hebescere
847 2218 966 2282 eum
991 2176 1180 2280 crebris
1204 2174 1485 2278 offensibus
1511 2180 1613 2281 ae'r.

373 2352 529 2476 Hine,
555 2352 646 2456 ubi
672 2353 886 2495 suffugit
911 2392 1114 2457 sensum
1139 2352 1288 2453 simul
1314 2353 1533 2490 angulus
1558 2354 1737 2475 omnis,

373 2528 471 2652 Fit,
500 2533 645 2670 quasi
671 2553 872 2632 tornata
897 2552 958 2631 ut
982 2565 1219 2630 saxorum
1247 2549 1439 2628 structa
1462 2549 1704 2653 tuantur3
1762 2582 1766 2589 ·

373 2701 497 2806 Non
524 2728 696 2808 tamen
722 2728 782 2807 ut
804 2742 973 2806 eoram
1000 2741 1119 2844 quae
1144 2723 1279 2858 sunt,
1304 2739 1524 2839 vereque
1550 2702 1791 2824 rotunda,

374 2878 476 2981 Sed
503 2881 650 3019 quasi
675 2878 1019 2982 adumbratim
1044 2877 1278 3017 paullum
1305 2876 1539 2979 simulata
1561 2878 1819 2983 videntur.

447 3054 647 3159 Umbra
670 3054 873 3155 videtur
896 3055 1020 3154 item
1045 3052 1192 3153 nobis
1217 3053 1269 3155 in
1298 3054 1401 3154 sole
1427 3055 1634 3177 moveri,

373 3229 445 3332 Et
470 3231 685 3369 vestigia
709 3250 881 3331 nostra
907 3229 1070 3367 sequi,
1096 3250 1403 3369 gestumque
1427 3231 1647 3358 imitari3

373 3407 538 3544 (Aera
561 3407 603 3506 si
631 3406 806 3507 credas
831 3405 1087 3543 privatum
1103 3404 1306 3504 iumine
1332 3441 1478 3541 posse

374 3577 677 3719 Indugredi,
705 3602 872 3680 motus
898 3578 1164 3681 hominum
1189 3602 1466 3719 gestusque
1492 3605 1823 3721 sequentem:

376 3753 430 3856 N
435 3792 516 3855 am
544 3751 670 3855 nihil
686 3792 804 3856 wesse
831 3776 999 3891 potest
1023 3754 1162 3856 aliud
1189 3756 1286 3857 nisi
1312 3757 1504 3858 lumine
1530 3794 1697 3859 cassus

372 3930 494 4048 Aer,
521 3929 592 4050 id,
620 3929 760 4069 quod
785 3967 877 4029 nos
904 3926 1137 4029 umbram
1161 3929 1434 4068 perhibere
1458 3934 1662 4033 suemus
1678 3931 1722 4069 3)
1783 4042 1795 4063 ,
1842 3908 1850 3929 Χ

375 4100 655 4226 Nimirum,
684 4105 807 4243 quia
828 4126 965 4205 terra
987 4103 1110 4204 loeis
1135 4143 1201 4208 ex
1225 4105 1403 4207 ordine
1429 4109 1577 4209 certis

375 4275 596 4381 Lumine
619 4281 860 4418 privatur.
873 4280 1007 4396 solis,
1036 4274 1355 4419 quacunque
1368 4307 1593 4386 meantes

376 4453 673 4559 Offioimus:
714 4457 942 4596 repletur
966 4457 1105 4593 item,
1133 4454 1275 4593 quod
1299 4455 1544 4594 liquimus
1558 4458 1695 4599 'ejus

297 4641 304 4658 ‘
372 4626 652 4770 Propterea
677 4631 753 4752 fit,
780 4631 858 4733 uti
883 4629 1131 4750 videatur,
1160 4630 1402 4768 quaefuit
1426 4634 1614 4736 umbra

375 4801 634 4943 Corporis,
661 4843 690 4906 e
713 4805 924 4944 regione
950 4802 1128 4915 eadem
1152 4843 1244 4906 nos
1270 4845 1436 4946 usque
1461 4832 1633 4910 secuta
1647 4849 1661 4935 ;

374 4976 591 5119 Semper
615 4980 751 5082 enim
776 5019 905 5081 nova
931 5017 983 5080 se
1009 4976 1268 5081 radiorum
1293 4982 1489 5083 lumina
1513 4982 1757 5107 fundunt,

371 5147 648 5297 Primaque
664 5156 993 5297 dispereunt,
1020 5154 1166 5295 quasi
1190 5157 1246 5259 in
1270 5158 1444 5299 ignem
1469 5159 1587 5263 lana
1615 5158 1875 5274 trahatur:
