4598 6112
666 312 700 414 6
987 320 1046 409 Τ.
1114 313 1542 408 LUCRB'TII
1613 309 1824 402 CARI

670 578 892 683 Primum
919 576 1106 681 Graius
1130 574 1283 677 homo
1307 574 1565 675 mortaleis
1590 569 1768 671 tollere
1794 589 1969 671 contra
2126 578 2133 587 '

671 756 760 860 Est
783 757 953 860 oculos
980 791 1143 874 ausus,
1170 754 1469 892 primusque
1495 749 1741 851 obsistere
1766 766 1962 845 contra:

670 931 836 1055 Quem
861 970 954 1032 nec
978 928 1111 1029 fama
1129 928 1297 1050 detlm,
1324 966 1417 1031 nec
1443 927 1676 1042 fulmina,
1705 957 1796 1019 nec
1816 919 2072 1019 minitanti

671 1108 936 1209 Murmure
961 1107 1252 1241 compressit
1277 1107 1475 1225 coelurn,
1497 1103 1584 1204 sed
1612 1138 1672 1200 eo
1699 1095 1858 1232 magis
1882 1128 2045 1192 acrem

671 1278 925 1383 Virtutem
952 1281 1114 1380 irritat
1138 1282 1307 1401 animi,
1336 1277 1657 1417 confringere
1685 1294 1743 1371 ut
1761 1291 1900 1370 arcta

680 1453 892 1556 Naturae
916 1455 1107 1593 primus
1131 1478 1392 1591 portarum
1418 1454 1636 1554 claustra
1661 1445 1875 1581 cupiret.

678 1627 814 1766 Ergo
839 1626 1004 1727 vivida
1027 1627 1100 1728 vis
1126 1628 1278 1728 animi
1302 1628 1530 1763 pervicit,
1558 1648 1610 1726 et
1628 1645 1774 1723 extra

677 1798 923 1925 Processit
945 1801 1097 1940 longe
1121 1801 1430 1901 flammantia
1454 1801 1639 1901 moenia
1664 1795 1873 1917 mundi3

677 1972 850 2112 Atque
866 2012 1011 2073 omne
1026 1975 1323 2076 immensum
1348 1978 1638 2115 peragravit
1662 1993 1832 2073 mente
1858 1966 2162 2104 animoque:

680 2145 833 2251 Unde
857 2147 1011 2248 refert
1034 2146 1179 2248 nobis
1201 2151 1360 2250 victor
1384 2150 1507 2288 quid
1534 2149 1694 2287 possit
1720 2145 1856 2263 oriri,

680 2320 821 2442 Quid
846 2345 1095 2462 nequeat3
1121 2320 1264 2422 finita
1286 2346 1506 2461 potestas
1532 2323 1754 2461 denique
1782 2317 2008 2457 quoique

682 2494 914 2616 Quanam
939 2498 1004 2596 sit
1026 2497 1233 2615 ratione,
1260 2518 1412 2634 atque
1439 2499 1537 2599 alte
1556 2496 1803 2598 terminus
1828 2491 2039 2591 haerens.

684 2668 855 2792 Quare
880 2669 1099 2808 Rolligio
1125 2670 1341 2806 pedibus
1367 2671 1592 2811 subjecta
1615 2673 1832 2775 vicissim

683 2844 966 2969 Obteritur,
993 2886 1084 2948 nos
1109 2871 1344 2987 exaequat
1367 2848 1576 2950 victoria
1599 2849 1739 2948 coelo.

755 3020 889 3119 Illud
917 3024 969 3119 in
994 3021 1073 3121 his
1097 3021 1248 3121 rebus
1272 3060 1462 3142 vereor,
1491 3062 1553 3122 nc
1580 3023 1708 3124 forte
1734 3018 1888 3121 rearis

685 3192 849 3332 Impia
872 3215 922 3294 te
947 3196 1154 3297 rationis
1180 3198 1306 3297 inire
1332 3198 1593 3318 elementa,
1619 3199 1857 3334 viamque

685 3368 977 3508 Endogredi
1005 3370 1229 3472 sceleris:
1271 3372 1408 3511 quod
1434 3397 1622 3496 contra,
1651 3372 1835 3510 saepius
1862 3367 1949 3468 illa

685 3541 902 3682 Relligio
927 3545 1126 3683 peperit
1151 3547 1390 3648 scelerosa
1415 3571 1567 3688 atque
1592 3551 1749 3686 impia
1773 3545 1934 3645 facta:

684 3719 869 3819 Aulide
896 3757 998 3856 quo
1024 3741 1174 3855 pacto
1197 3716 1385 3821 Triviai
1408 3723 1616 3860 virginis
1642 3760 1780 3823 aram

687 3889 1000 4030 Iphianassai
1024 3894 1297 4032 turparunt
1320 3898 1562 4035 sangnine
1588 3897 1720 3998 foede

657 4162 660 4167 .
686 4064 935 4169 Ductores
961 4066 1212 4189 Danaum,
1240 4069 1435 4192 delecti,
1464 4075 1628 4208 prima
1649 4074 1888 4174 virorum.

688 4238 823 4362 Quoi
850 4241 997 4340 simul
1020 4240 1183 4342 infula
1205 4245 1455 4381 virgineos
1482 4247 1791 4350 circumdata
1814 4263 2045 4379 comptus

687 4413 768 4516 Ex
792 4428 1007 4554 utraque
1034 4418 1141 4553 pari
1168 4418 1409 4522 malarum
1436 4445 1580 4561 parte
1604 4422 1813 4559 profusa
1831 4440 1921 4537 est,

654 4642 660 4653 ·
689 4586 757 4689 Et
781 4612 1012 4691 moestum
1040 4590 1187 4691 simul
1215 4616 1329 4696 ante
1355 4635 1463 4697 aras
1489 4598 1685 4699 adstare
1710 4615 1974 4733 parentem

689 4758 873 4882 Sensit,
907 4787 958 4865 et
982 4764 1117 4867 hunc
1143 4794 1353 4911 propter
1377 4773 1566 4874 ferrum
1592 4774 1752 4873 celare
1779 4770 2048 4885 ministros,

688 4938 1051 5079 Adspectuque
1076 4982 1165 5045 suo
1190 4948 1435 5088 lacrymas
1461 4947 1719 5051 effundere
1746 4945 1911 5063 civeis,
