4598 6112
464 496 563 621 154
791 505 850 596 r.
912 481 1342 597 n'ucanru
1406 505 1618 597 enar

461 767 640 907 Longa
664 789 834 877 tamen
859 789 1005 904 parte
1031 763 1096 866 ab
1123 804 1317 867 summa
1341 801 1453 865 oum
1479 787 1587 865 tota
1610 767 1827 890 videtur,
1953 838 1957 845 -

461 942 733 1045 Paullatim
757 938 915 1041 trahit
939 941 1142 1078 angusti
1166 939 1368 1078 fastigia
1393 941 1522 1058 coni,

459 1118 616 1222 Tecta
640 1118 744 1219 solo
761 1117 1003 1254 jungens
1031 1138 1185 1253 atque
1210 1114 1379 1214 omnia
1404 1113 1614 1213 dextera
1638 1113 1808 1238 laevis3

335 1334 338 1339 ’
463 1290 720 1400 Douicum
744 1293 798 1390 in
824 1288 1095 1391 obscurum
1120 1292 1234 1392 coni
1259 1288 1508 1390 conduxit
1530 1327 1760 1392 acumen.

530 1464 592 1567 In
619 1469 801 1605 pelago
826 1467 992 1566 nautis
1017 1505 1081 1566 ex
1107 1465 1258 1565 undis
1283 1485 1439 1583 ortus,
1466 1462 1518 1562 in
1543 1462 1695 1563 undis

463 1640 550 1741 Sol
575 1641 635 1740 fit
659 1640 731 1747 uti
759 1639 992 1743 videatur
1015 1636 1173 1757 obire,
1200 1660 1252 1738 et
1276 1637 1493 1737 condere
1517 1637 1709 1758 lumen,

462 1813 671 1953 Quippe
699 1811 786 1915 ubi
812 1814 883 1914 nil
905 1813 1042 1914 aliud
1071 1815 1165 1914 nisi
1186 1850 1373 1952 aquam
1400 1812 1689 1950 ooelumque
1714 1833 1954 1936 tuentum

462 1985 546 2089 Ne
570 1988 749 2089 leviter
773 1987 947 2089 eredas
971 1985 1263 2087 labefactari
1287 1987 1519 2126 undique
1539 2025 1729 2089 sensus.

528 2163 599 2262 At
624 2163 772 2261 maris
797 2163 987 2299 ignaris
1010 2163 1065 2261 in
1090 2184 1243 2299 portu
1270 2163 1452 2265 clauda
1474 2163 1712 2266 videntur

461 2334 700 2474 Navigia,
728 2337 966 2473 aplustris
992 2308 1179 2460 fractis,
1207 2337 1429 2441 obnitier
1455 2339 1621 2446 undis.

462 2509 599 2611 Nam
628 2548 948 2649 qnaeounque
974 2550 1129 2650 supra
1153 2551 1318 2615 rorem
1345 2513 1459 2613 salis
1485 2510 1622 2612 edita
1645 2547 1763 2649 pars
1787 2529 1863 2609 est

461 2682 754 2803 Remorum,
781 2706 917 2784 recta
943 2706 1019 2785 est
1033 2727 1046 2810 3
1085 2707 1138 2785 et
1161 2709 1299 2787 recta
1324 2723 1541 2824 superne
1567 2684 1831 2822 guberna:

462 2855 595 2980 Quae
622 2857 849 2961 demersa
872 2857 1072 2996 liquore
1097 2856 1305 3006 obeunt,
1332 2858 1545 2959 refracta
1570 2858 1810 2960 videntur
1833 2963 1837 2971 ,

464 3028 653 3132 Omnia
678 3032 919 3150 converti,
947 3070 1249 3172 sursumque
1275 3035 1459 3172 supina
1483 3036 1696 3158 reverti3

463 3203 532 3306 Et
556 3206 746 3304 reflexa
771 3243 930 3343 prope
956 3207 1008 3305 in
1036 3244 1229 3306 summo
1254 3174 1456 3308 fluitare
1481 3209 1698 3348 liquore.

533 3381 770 3521 Raraque
795 3419 890 3520 per
912 3380 1094 3480 eoelum
1119 3419 1275 3519 quom
1299 3385 1437 3485 venti
1462 3383 1640 3485 nubila
1657 3411 1865 3525 portant

460 3555 713 3695 Tempore
739 3578 1003 3676 nocturno,
1033 3578 1141 3656 tum
1166 3558 1437 3696 splendida
1462 3560 1608 3697 signa
1630 3555 1873 3695 videntur

465 3729 651 3834 Labier
676 3729 939 3831 adversum
966 3729 1181 3854 nimbos,
1208 3756 1363 3872 atque
1386 3735 1459 3834 ire
1479 3771 1697 3871 superne

465 3906 641 4054 Longe
674 3907 823 4007 aliam
849 3906 902 4006 in
926 3928 1121 4044 partem
1148 3944 1431 4047 quamquo
1456 3908 1649 4007 ratione
1675 3907 1927 4016 feruntur.

531 4084 667 4182 Arsi
694 4080 825 4182 forte
853 4081 1000 4182 oculo
1025 4120 1205 4185 manus
1229 4084 1319 4185 uni
1346 4081 1551 4185 subdita
1576 4082 1754 4188 subter

464 4256 655 4360 Pressit
680 4296 813 4379 oum,
842 4256 1063 4396 quodam
1090 4295 1235 4359 sensu
1263 4257 1339 4379 fit,
1365 4257 1441 4357 uti
1465 4258 1735 4361 videantur
1796 4248 1798 4254 ’

466 4432 656 4535 Omnia
680 4469 797 4570 quae
823 4431 1016 4531 tuimur
1038 4431 1149 4530 fieri
1175 4453 1284 4531 tum
1310 4428 1431 4531 bina
1455 4433 1680 4558 tuend03

466 4609 598 4713 Bina
621 4610 943 4708 lucernarum
968 4604 1202 4704 florentia
1225 4603 1418 4704 lumina
1442 4605 1675 4726 flammis

467 4783 700 4924 Binaque
726 4816 820 4919 per
843 4800 975 4881 totas
999 4778 1151 4880 aedeis
1175 4777 1432 4916 geminare
1458 4779 1710 4918 supellex,

467 4955 538 5061 Et
562 4957 788 5093 duplices
813 4952 1074 5056 hominum
1094 4950 1262 5070 facies,
1288 4974 1341 5052 et
1365 4989 1576 5090 corpora
1600 4953 1737 5057 bina.

538 5129 778 5268 Denique
806 5168 964 5274 quom
987 5127 1127 5230 suavi
1147 5126 1375 5251 devinxit
1398 5125 1630 5271 membra
1644 5164 1823 5266 sopore
