4598 6112
420 541 521 635 aaa
756 543 815 632 r.
870 538 1306 637 nnonuru
1356 540 1596 675 cunr
1718 617 1723 627 .

424 803 825 941 Nequidquam:
867 803 1109 942 quoniam
1136 803 1374 940 permista
1393 797 1530 899 caede
1557 798 1778 902 calentes

422 974 724 1076 Turbabant
750 975 868 1074 saevi
893 978 1034 1077 nullo
1060 977 1346 1077 discrimine
1371 995 1577 1092 turmas,

399 1148 689 1248 ·Terrificas
715 1147 939 1282 capitum
967 1151 1251 1287 quatientes
1279 1148 1508 1285 undique
1534 1149 1737 1273 cristas;

430 1322 542 1423 bec
572 1342 806 1458 poterant
830 1322 1026 1455 equites
1052 1321 1257 1422 fremitu
1284 1322 1551 1458 perterrita
1577 1361 1825 1460 equorum

430 1495 642 1596 Pectora
667 1492 905 1612 mulcere,
935 1515 986 1591 et
1010 1494 1180 1595 fraenis
1207 1517 1495 1596 convertere
1520 1497 1572 1594 in
1599 1494 1802 1597 hosteis

431 1668 644 1771 Inritata
668 1668 762 1766 leae
780 1665 1038 1802 jaciebant
1063 1707 1272 1806 corpora
1298 1669 1427 1769 saltu

434 1840 696 1979 Undique,
725 1862 776 1939 et
795 1840 1060 1940 advorsum
1086 1841 1406 1941 venientibus
1431 1883 1519 1945 ora
1543 1847 1816 1984 petebant:
1908 1910 1911 1916 ·

433 2014 501 2114 Et
526 2054 618 2115 nec
638 2016 921 2151 opinanteis
947 2053 976 2115 a
999 2037 1144 2151 tergo
1169 2014 1503 2151 deripiebant,

434 2187 788 2326 Deplexaeque
815 2180 1005 2288 dabant
1029 2190 1080 2287 in
1108 2210 1291 2329 terram
1320 2190 1522 2291 volnere
1548 2193 1757 2315 vinctos,

396 2370 409 2395 ⁰
435 2361 693 2463 Morsibus
719 2363 901 2464 adfixae
926 2363 1104 2463 validis
1130 2387 1284 2500 atque
1313 2363 1572 2502 unguibus
1599 2345 1756 2468 uncis:

432 2535 465 2638 J
471 2536 809 2674 aotabantqne
836 2575 950 2637 suos
975 2538 1124 2655 tauri,
1151 2536 1471 2675 pedibusque
1497 2539 1760 2664 terebant;

437 2710 506 2813 Et
529 2713 687 2813 latera
712 2750 768 2812 ae
793 2735 992 2812 ventres
1019 2711 1293 2812 hauribant
1318 2711 1494 2812 subter
1519 2723 1769 2850 equorum

437 2885 706 3005 Cornibus,
734 2887 798 2985 ad
824 2910 1114 3021 terramque
1141 2887 1352 2985 minanti
1378 2909 1545 2986 mente
1572 2887 1804 2992 ruebant.

436 3062 509 3162 At
531 3061 710 3162 validis
732 3061 888 3160 socios
913 3058 1180 3159 caedebant
1205 3058 1441 3161 dentibus
1467 3065 1594 3198 apri,

441 3252 474 3292 ‘⁶
492 3233 618 3334 Tela
643 3232 856 3333 infracta
882 3271 971 3333 sno
996 3235 1285 3369 tinguentes
1312 3236 1555 3371 sangnine
1582 3238 1728 3339 saevi:

441 3426 472 3467 “
496 3406 555 3507 In
584 3447 634 3506 se
661 3407 819 3506 fracta
846 3444 936 3506 suo
961 3407 1252 3544 tinguentes
1278 3410 1523 3544 sanguine
1548 3409 1677 3510 tela:

439 3580 814 3721 permistasque
841 3579 1030 3679 dabant
1055 3579 1288 3718 equitum
1313 3579 1650 3718 peditumque
1676 3584 1860 3686 ruinas

442 3751 579 3854 Nam
606 3775 885 3854 transversa
908 3751 1039 3850 feros
1065 3749 1276 3851 exibant
1301 3751 1464 3851 dentis
1489 3753 1697 3856 adactus

439 3926 472 4027 J
480 3948 697 4046 omenta,
726 3949 814 4025 aut
840 3923 1057 4063 pedibus
1084 3946 1257 4025 ventos
1284 3946 1449 4025 erecta
1473 3925 1746 4061 petebant:

445 4100 846 4240 Nequidquam:
888 4101 1127 4239 quoniam
1155 4136 1185 4197 a
1210 4099 1373 4199 nervis
1400 4101 1589 4199 succisa
1612 4101 1808 4205 videres

445 4273 742 4393 Concidere,
769 4295 925 4412 atque
951 4274 1092 4409 gravi
1117 4292 1302 4374 terram
1328 4294 1645 4373 consternere
1671 4312 1803 4377 casu.

445 4446 544 4565 Sic,
572 4480 701 4584 quos
726 4467 842 4548 ante
868 4444 1006 4545 domi
1031 4446 1245 4546 domitos
1272 4447 1389 4545 satis
1414 4482 1520 4544 esse
1546 4445 1810 4580 putabant,

445 4620 787 4723 Effervescere
814 4617 1088 4719 cernebant
1112 4618 1164 4716 in
1191 4617 1341 4718 rebus
1367 4621 1599 4762 agundis

444 4793 768 4913 Volneribus,
795 4794 1027 4911 clamore,
1055 4792 1193 4930 fuga,
1220 4814 1424 4911 terrore,
1453 4797 1706 4901 tumultu:

449 4969 561 5074 Nec
587 4964 823 5108 poterant
848 4969 1003 5069 ullam
1029 4990 1224 5104 partem
1252 4967 1491 5068 reducere
1517 5010 1708 5075 eorum.

449 5141 769 5278 Diffugiebat
795 5144 926 5243 enim
955 5144 1147 5245 varium
1174 5180 1333 5281 genus
1358 5181 1505 5244 omne
1531 5146 1780 5252 ferarum:
