4598 6112
393 543 505 663 27⁴
726 555 786 644 Τ.
855 542 1290 641 LUCRETII
1356 544 1571 638 CARI

458 804 1894 950 Nonosge,Avernatibiquaesintiocacnmqneiacusqoe,

399 987 708 1125 Expediarn,
738 984 876 1123 quali
904 1005 1087 1082 natura
1108 978 1327 1116 praedita
1349 1002 1595 1082 constent.

469 1160 743 1298 Principio,
771 1157 913 1298 quod
936 1161 1139 1257 Averna
1160 1176 1420 1273 vorentur,
1443 1193 1627 1254 nomen
1652 1154 1702 1255 id
1732 1152 1797 1254 ab
1823 1192 1881 1253 re

399 1333 703 1473 Impositum
729 1355 820 1453 est,
848 1332 969 1471 qnia
994 1351 1113 1430 sunt
1137 1324 1316 1426 avibus
1337 1330 1588 1426 contraria
1610 1331 1823 1447 cunctis,

400 1507 447 1610 E
472 1509 679 1646 regione
705 1544 764 1606 ea
789 1506 929 1644 qnod
954 1505 1065 1605 loca
1089 1539 1245 1642 quom
1272 1500 1523 1599 advenere
1544 1501 1787 1623 volantes,

399 1679 621 1818 Remigii
646 1678 820 1780 oblitae
844 1715 1128 1817 pennarum
1152 1674 1266 1775 vela
1287 1676 1570 1794 remittunt,
1709 1753 1713 1760 .

401 1853 804 1992 Praecipitesque
828 1851 1019 1954 cadunt
1043 1848 1183 1950 molli
1209 1848 1404 1947 cervice
1426 1849 1650 1984 profusae

400 2028 462 2132 ln
489 2053 691 2149 terram,
713 2030 754 2128 si
778 2027 910 2128 forte
934 2028 1005 2128 ita
1028 2025 1129 2126 fert
1152 2043 1334 2124 natura
1357 2023 1615 2148 locorum3

400 2207 510 2308 Aut
534 2206 586 2305 in
615 2241 817 2342 aquam,
845 2203 886 2303 si
911 2201 1040 2331 forte
1065 2203 1205 2302 lacus
1231 2198 1514 2338 substratus
1537 2202 1740 2302 Averno
1765 2225 1857 2305 est

471 2375 652 2500 Qualis
672 2377 810 2515 apud
833 2374 1021 2479 Cumas
1038 2377 1178 2476 iocus
1193 2397 1270 2475 est
1284 2375 1893 2516 montemqueVesevurn,

243 2701 246 2707 Ι
402 2551 616 2693 Oppleti
642 2553 816 2654 calidis
842 2550 929 2653 uhi
947 2551 1155 2653 >fumant
1178 2549 1404 2652 fontibus
1431 2577 1625 2653 auctus,

472 2727 565 2831 Est
589 2753 640 2829 et
664 2727 927 2830 Athenaeis
952 2729 1004 2827 in
1031 2726 1298 2846 moenibus,
1325 2731 1452 2829 arcis
1477 2733 1527 2830 in
1556 2732 1668 2867 ipso

397 2901 619 3026 Vertice,
647 2902 867 3006 Palladis
893 2901 956 3001 ad
982 2902 1230 3039 templum
1254 2899 1548 3005 Tritonidos
1573 2906 1736 3026 almae,

402 3075 521 3197 Quo
547 3115 813 3219 nunquam
838 3076 1019 3214 pennis
1044 3076 1312 3214 adpellunt
1337 3118 1549 3218 corpora
1573 3121 1740 3185 raucae

404 3249 659 3372 Cornicen,
685 3291 786 3352 non
816 3290 974 3389 quom·
995 3249 1195 3350 fumant
1220 3252 1395 3353 altaria
1424 3255 1598 3356 donis:
1725 3294 1732 3302 ·

401 3424 713 3566 Usqueadeo
737 3424 960 3565 fugitant
984 3463 1087 3524 non
1112 3426 1210 3526 iras
1241 3424 1459 3529 Palladis
1485 3432 1641 3532 aereis

403 3599 645 3741 Pervigili
671 3639 835 3723 causa,
866 3598 1080 3739 Grajtirn
1104 3625 1165 3701 ut
1189 3607 1414 3707 cecinere
1440 3631 1637 3745 poetae3

403 3776 502 3878 Sed
533 3800 713 3878 natura
737 3776 834 3878 loci
860 3773 956 3876 hoo
985 3778 1297 3924 opuseffioit
1320 3781 1431 3917 ipsa
1454 3806 1649 3919 suapte.

471 3951 532 4056 ln
563 3952 710 4094 Syria
736 3990 944 4093 qnoque
970 3950 1134 4051 fertur
1157 3953 1276 4053 item
1304 3954 1445 4055 locus
1471 3994 1592 4078 esse,
1620 3959 1799 4083 videri,
1822 4015 1826 4022 ·

402 4127 780 4267 Quadrupedes
802 4165 1009 4267 quoque
1038 4164 1141 4268 qno
1166 4103 1314 4230 simul
1341 4169 1402 4231 ao
1417 4134 1628 4272 vestigia
1652 4137 1874 4274 primum

400 4304 691 4423 Intulerint,
718 4305 939 4443 graviter
961 4302 1037 4404 vis
1061 4327 1209 4442 cogat
1235 4306 1498 4407 concidere
1524 4309 1650 4447 ipsa,

402 4476 649 4583 Manibus
675 4501 734 4579 nt
758 4479 799 4578 si
825 4478 926 4578 sint
951 4477 1080 4578 divis
1104 4503 1321 4591 mactata
1345 4504 1571 4618 repente.

403 4654 593 4760 Omnia
618 4690 736 4796 qoae
761 4653 978 4756 naturali
1006 4653 1201 4755 ratione
1226 4678 1493 4794 geruntur,

404 4828 471 4935 Et
497 4829 687 4974 quibus
711 4869 738 4933 e
764 4833 924 4934 causis
950 4831 1091 4954 fiant,
1119 4855 1333 4970 apparet
1358 4832 1530 4971 origo:

400 5005 433 5111 J
439 5047 570 5111 anna
596 5050 660 5114 ne
685 5005 765 5112 his
791 5008 913 5112 Oroi
940 5011 1113 5151 potios
1139 5013 1435 5155 regionibus
1458 5055 1563 5119 esse

405 5179 658 5287 Credatur
684 5189 844 5324 posta,
871 5184 991 5291 hino
1018 5190 1212 5293 animas
1235 5186 1543 5295 Acheruntis
1567 5194 1623 5295 in
1647 5233 1758 5298 oras
1863 5262 1867 5268 ·
1988 5261 2000 5271 „
