4598 6112
453 479 522 591 oo
770 489 830 585 r.
877 490 1327 589 ‘nu‘cnurn
1375 448 1598 590 'carr

434 745 437 752 ’
521 747 573 854 N
578 789 634 852 ec
658 772 828 852 tamen
854 790 959 854 esse
985 754 1091 854 ulla'
1113 775 1258 892 parte
1285 745 1430 862 Idem
1455 756 1510 857 in
1535 755 1688 859 rebus
1712 757 1867 862 inane
1905 774 1914 794 ·“
1979 733 1985 745 ’

453 925 720 1045 Concedit,
744 911 913 1067 neque
937 925 1234 1066 corporibus
1255 927 1410 1030 finem
1434 969 1540 1032 esse
1567 931 1828 1035 secandis:

452 1101 625 1225 Quare
650 1105 704 1203 in
729 1124 948 1243 utraque
974 1101 1095 1203 mihi
1119 1103 1314 1240 >pariter
1337 1105 1530 1205 ratione
1553 1105 1759 1209 videtur
1864 1110 1876 1117 ”
1925 1110 1929 1118 ’
1984 1110 1992 1118 ’

453 1277 654 1399 Errare,
681 1300 835 1418 atque
854 1278 946 1395 illi,
973 1316 1157 1416 supera
1180 1316 1309 1417 quos
1336 1278 1557 1382 diximus
1583 1304 1716 1384 ante.
1879 1351 1883 1357 ·

521 1452 673 1556 Adde
698 1451 841 1592 quod
865 1451 1119 1555 imbecilla
1142 1455 1291 1556 nimis
1315 1456 1591 1594 primordia
1613 1446 1788 1595 fingit,

456 1628 509 1730 Si
534 1628 813 1769 primordia
837 1612 971 1748 sunt,
998 1629 1147 1728 simili
1173 1669 1291 1769 qnae
1316 1631 1533 1767 praedita
1556 1655 1791 1734 constant

456 1803 674 1925 Natura,
700 1826 856 1943 atque
882 1805 1009 1940 ipsae
1034 1841 1112 1904 res
1138 1829 1274 1925 sunt,
1301 1844 1555 1948 aequeque
1579 1807 1858 1928 laborant,⁴
1914 1856 1916 1860 ³

457 1979 528 2084 Et
550 2000 786 2118 pereunt,
813 2016 982 2116 neque
1006 1977 1072 2080 ab
1092 1982 1247 2084 exitio
1272 2020 1351 2083 res
1376 1984 1483 2085 ulla
1506 1982 1778 2084 refraenat:
1889 1990 1893 1997 ’
1926 2002 1930 2016 '
1986 1954 1990 1961 ¹

458 2153 596 2259 Nam
623 2154 749 2295 quid
778 2152 832 2252 in
857 2192 1105 2292 oppressu
1130 2157 1297 2258 valido
1317 2156 1524 2257 durabit
1548 2195 1741 2277 eorum,
1896 2178 1899 2183 ’
1996 2148 1999 2155 ’

457 2329 532 2433 Ut
556 2355 769 2433 mortem
796 2329 1010 2469 effugiat
1034 2329 1161 2431 lethi
1186 2330 1280 2433 sub
1307 2299 1546 2433 dentibus
1570 2333 1724 2471 ipsis?
1803 2420 1806 2427 .
1861 2455 1863 2460 .

286 2606 288 2610 s
459 2504 634 2646 Ignis?
673 2531 736 2607 an
778 2506 963 2607 humor
977 2508 997 2607 i·
1034 2543 1101 2605 an·
1125 2511 1273 2610 aurai
1313 2508 1440 2648 quid
1467 2507 1684 2610 horum!
1723 2507 1955 2648 sanguis?

598 2717 664 2784 an
687 2686 827 2784 ossa?

461 2848 570 2978 Nil,
596 2878 656 2959 ut
677 2858 875 2997 opinor,
902 2855 992 2959 uhi
1018 2895 1086 2957 ex
1107 2895 1257 2999 aequo
1282 2895 1362 2960 res
1382 2858 1619 2961 funditus·
1639 2859 1803 2960 omnis

457 3027 585 3133 Tam
611 3033 835 3135 mortalis
860 3034 970 3155 erit,
998 3072 1154 3173 quam
1180 3073 1308 3175 quae·
1327 3036 1593 3138 manifesta
1613 3036 1849 3138 videmus

303 3280 306 3285 -
460 3205 543 3310 Ex
567 3210 726 3311 oculis
750 3213 935 3312 nostris
960 3212 1133 3350 aliqua
1158 3213 1206 3311 vi
1230 3213 1363 3311 victa
1387 3212 1570 3348 perire.

459 3388 533 3488 At
556 3425 725 3527 neque
745 3387 969 3489 recidere
989 3387 1053 3486 ad
1073 3384 1289 3486 nihilum
1309 3423 1388 3486 res
1407 3420 1570 3524 posse,
1591 3424 1761 3526 neque
1787 3407 1958 3487 autem

260 3580 272 3588 ”
464 3559 703 3665 Crescere
728 3559 994 3681 denihilo,
1019 3583 1178 3661 testor
1200 3598 1280 3662 res
1304 3582 1422 3661 ante
1447 3552 1703 3699 probatas.

533 3726 804 3857 Praeterea,
832 3733 1074 3874 quoniam
1102 3733 1246 3836 cibus
1270 3757 1426 3874 auget
1449 3774 1650 3874 corpus,
1676 3739 1900 3881 alitque3

464 3911 603 4014 Scire
628 3914 762 4034 licet,
788 3908 935 4013 nohis
958 3948 1127 4032 venas,
1154 3933 1205 4010 et
1230 3946 1475 4049 sanguen,
1502 3933 1554 4010 et
1578 3949 1706 4035 ossa,

466 4082 536 4191 Et
561 4127 738 4189 nervos
764 4086 1069 4224 alienigenis·
1086 4124 1150 4186 ex
1173 4083 1407 4223 partibus
1422 4120 1567 4194 esse:

466 4261 585 4364 Sine
609 4262 749 4363 cibos
773 4261 966 4362 omneis
990 4262 1250 4362 commisto
1276 4299 1497 4400 corpore.
1511 4260 1689 4365 dicent.

465 4436 606 4559 Esse,
634 4459 685 4537 et
709 4435 896 4536 habere
921 4438 973 4535 in
1002 4467 1055 4577 se
1082 4417 1353 4536 nervorum
1378 4472 1592 4574 corpora·
1612 4474 1784 4575 parva,
1936 4470 1940 4481 ’

467 4610 720 4752 Ossaque,
746 4633 798 4711 et
821 4611 1029 4713 omnino
1052 4646 1221 4730 venas,
1247 4609 1540 4749 parteisque
1564 4614 1782 4738 cruoris3

467 4785 594 4908 Fiet,
620 4787 696 4888 nti
721 4782 867 4887 cibus·
887 4785 1068 4906 omnis,
1094 4807 1146 4885 et
1170 4783 1341 4886 aridus
1366 4806 1420 4884 et
1442 4783 1614 4923 liquor
1637 4788 1776 4925 ipse„

467 4959 553 5065 Ex
575 4960 871 5099 alienigenis
895 4959 1056 5063 rcbus·
1074 4983 1305 5063 constare
1327 4981 1556 5099 putetur,
1607 4978 1610 4985 ’
1730 4971 1733 4979 “

468 5135 702 5253 Ossibus,
722 5156 776 5234 et
792 5135 975 5256 nervis,
1000 5137 1262 5276 venisque,
1289 5159 1345 5238 et
1367 5136 1614 5275 sanguine
1636 5137 1809 5241 misto..
