4598 6112
397 521 614 643 m4‚›
732 528 1288 620 ranucnnrm
1355 528 1564 622 cunr
1779 622 1785 631 .

399 787 616 927 Propter
641 785 864 925 signiferi
895 788 1170 925 posituram
1196 789 1351 889 totius
1377 788 1543 914 orbis3

398 967 587 1064 Annua
613 963 684 1061 soi
710 964 763 1060 in
790 1001 894 1100 quo
920 962 1189 1081 contundit
1207 986 1436 1119 tempora
1461 1005 1681 1104 serpens,

401 1138 632 1277 Obliquo
659 1161 816 1236 terras
841 1161 892 1237 et
917 1138 1097 1238 coelum
1123 1137 1315 1238 lumine
1341 1139 1591 1243 lustrans:

352 1396 358 1409 .
401 1313 475 1414 Ut
501 1317 627 1413 ratio
654 1314 876 1413 declarat
901 1351 1091 1428 eorum,
1114 1314 1204 1449 qui
1230 1314 1339 1439 loca
1365 1317 1476 1415 coeli
1656 1282 1661 1290 .

403 1486 593 1588 Omnia
618 1488 870 1624 dispositis
897 1486 1052 1623 signis
1078 1508 1253 1585 ornata
1274 1491 1528 1590 notarunt.

273 1718 276 1725 ·
397 1663 507 1764 Aut
532 1665 653 1803 quia
680 1665 890 1762 crassior
915 1681 989 1759 est
1015 1660 1163 1759 certis
1183 1661 1235 1759 in
1255 1660 1486 1798 partibus
1512 1667 1613 1782 aiir,

403 1837 512 1939 Sub
538 1839 684 1937 terris
711 1837 825 1937 ideo
852 1833 1122 1934 tremulum
1141 1835 1300 1971 jubar
1321 1836 1519 1940 haesitat
1538 1843 1685 1978 ignis,

403 2011 454 2111 N
460 2051 516 2110 ec
540 2034 807 2148 penetrare
835 1988 1000 2147 potest
1024 2008 1168 2109 facile
1188 2031 1342 2146 atque
1363 2049 1620 2152 emergere
1640 2015 1705 2116 ad
1724 2040 1893 2120 ortus:

403 2184 679 2325 Propterea
705 2210 877 2286 noctes
906 2183 1118 2283 hiberno
1143 2205 1373 2321 tempore
1398 2185 1566 2324 longae

403 2359 630 2481 Cessent,
659 2360 782 2460 dum
807 2361 973 2459 veniat
998 2359 1248 2458 radiatum
1276 2356 1473 2494 insigne
1500 2361 1616 2460 diei.

353 2539 507 2679 ''Aut
532 2541 701 2656 etiam,
731 2538 852 2675 quia
879 2537 947 2635 sic
974 2534 1180 2677 alternis
1207 2533 1437 2670 partibus
1463 2538 1581 2634 anni

241 2830 244 2835 ⁸
398 2712 617 2815 Tardius
643 2736 694 2813 et
718 2714 864 2812 eitius
891 2729 1197 2810 consuerunt
1216 2708 1470 2809 confluere
1491 2709 1649 2847 ignes

401 2886 504 3007 Qui
532 2887 718 2988 faciant
744 2888 896 3008 solem
925 2905 1060 2984 certa
1087 2881 1149 2981 de
1177 2919 1382 3018 surgere
1408 2905 1568 3019 parte.

475 3061 623 3163 Luna
647 3084 814 3199 potest
840 3060 955 3160 solis
981 3056 1135 3157 radiis
1160 3038 1396 3192 percussa
1422 3056 1599 3173 nitere,

402 3233 569 3373 inque
597 3235 704 3333 dies
732 3233 893 3369 majus
920 3233 1092 3332 lumen
1113 3253 1403 3329 convertere
1424 3230 1570 3330 nobis

401 3409 482 3510 Ad
511 3411 745 3546 speciem,
768 3430 1020 3545 quantum
1040 3406 1157 3504 solis
1185 3403 1368 3504 secedit
1398 3402 1462 3504 ab
1491 3404 1632 3525 orbe,
1674 3403 1681 3417 ’

403 3581 665 3683 Douieunt
688 3621 805 3681 eum
834 3606 1009 3683 contra
1033 3584 1186 3721 pleno
1211 3582 1341 3682 bene
1367 3583 1558 3682 lumine
1583 3580 1741 3702 fulsit,
1826 3676 1833 3719 ο,

402 3761 575 3897 Atque
602 3758 766 3857 oriens
792 3756 962 3858 obitus
987 3758 1095 3898 ejus
1122 3796 1275 3895 super
1300 3758 1436 3874 edita
1459 3757 1616 3857 vidit:

405 3931 532 4032 lude
558 3932 846 4033 minutatim
874 3957 1011 4033 retro
1038 3936 1182 4072 quasi
1210 3890 1426 4036 condere
1446 3933 1618 4032 lumen

407 4106 578 4208 Debet
603 4107 741 4224 item,
769 4083 963 4244 quanto
990 4109 1200 4245 propius
1219 4109 1326 4246 jam
1354 4106 1470 4204 solis
1496 4102 1557 4203 ad
1582 4104 1753 4240 ignem

408 4281 623 4383 Labitur
649 4319 710 4379 ex
738 4280 836 4380 alia
861 4281 1120 4418 signorum
1148 4301 1291 4417 parte
1318 4315 1410 4415 per
1435 4277 1639 4379 orbem:

407 4457 481 4560 Ut
504 4455 716 4572 faciunt,
743 4454 914 4559 lunam
943 4457 1033 4594 qui
1057 4456 1260 4590 tingunt
1285 4493 1390 4554 esse
1416 4453 1540 4590 pilai

409 4629 752 4747 Consimilem,
781 4610 1060 4767 cursusque
1080 4631 1210 4736 viam
1238 4628 1332 4729 sub
1359 4629 1461 4728 sole
1486 4649 1658 4726 tenere
1674 4666 1688 4751 3
1849 4703 1851 4707 -

368 4923 370 4927 y
408 4804 683 4943 Propterea
708 4766 770 4903 fii
791 4802 865 4902 uti
883 4803 1151 4904 videantur
1176 4803 1341 4928 dicere
1360 4800 1557 4905 veru'mj

488 4979 572 5076 Est
596 4978 747 5077 etiam
775 5015 981 5115 quoque
1009 4981 1082 5080 uti
1110 4980 1318 5117 proprio
1344 5017 1458 5088 eum
1484 4979 1677 5080 lumine
1695 4980 1854 5118 possit

410 5155 631 5273 Volvier,
654 5176 705 5251 et
723 5154 881 5254 varias
903 5153 1184 5293 splendoris
1204 5153 1416 5255 reddere
1435 5151 1642 5255 formas:
