4598 6112
261 464 309 541 7
442 481 510 585 st
803 485 893 573 r..
931 433 1323 590 nucnurrr
1378 480 1586 595 oum

311 856 314 867 ,
446 745 532 848 Ne
558 783 636 846 res
661 743 725 845 ad
752 742 969 846 nibilum
994 741 1545 881 redigantur-funditus
1567 781 1770 852 omnes.¹

448 919 588 1025 Nam
616 920 1090 1059 quodeunquesuis
1116 941 1366 1020 mutatum
1392 915 1581 1019 finibus
1607 918 1741 1050 exit,-

377 1087 379 1090 ⁴
448 1092 707 1197 Continuo
733 1092 828 1197 boc
854 1132 988 1195 mors
1013 1116 1089 1194 est
1113 1095 1264 1214 illius,
1292 1091 1433 1232 quod
1457 1090 1557 1193 fuit
1581 1114 1714 1192 ante.
1807 1167 1809 1172 -

449 1266 794 1406 Quapropter,
823 1269 1206 1410 quoniamqune
1231 1267 1404 1406 paullo
1431 1267 1653 1395 diximus
1679 1286 1812 1382 ante,

449 1443 508 1546 In
531 1434 895 1546 commutatum
922 1444 1148 1560 veniunt,
1175 1464 1402 1542 constare
1424 1477 1622 1540 neeesse
1649 1460 1725 1537 est

450 1619 529 1720 Ex
558 1619 666 1719 aliis
693 1657 766 1738 ea,
795 1656 912 1757 quae
934 1639 1198 1757 ¹nequeunt
1222 1616 1502 1716 convertier
1526 1652 1786 1752 unquam3
1914 1679 1931 1689 -ι

304 1798 308 1802 ⁴
452 1793 538 1897 Ne
565 1795 657 1895 tibi
686 1793 1001 1896 resredeant
1026 1790 1089 1890 ad
1117 1791 1278 1890 nilum
1302 1787 1533 1889 funditus
1558 1827 1747 1917 ornnes.

452 1965 592 2088 Quin
619 1970 789 2106 potius
814 1967 914 2098 tati,
931 1987 1109 2063 natura
1134 1962 1348 2100 praedita
1374 1962 1610 2100 quaedarn

454 2141 680 2281 Corpora
705 2144 1009 2264 constituas;
1043 2143 1210 2278 ignem
1239 2141 1280 2239 si
1305 2138 1433 2240 forte
1460 2140 1693 2259 erebrint,

442 2288 605 2448 ¹Posse
630 2316 824 2435 eadem,
851 2317 1071 2456 demptis
1094 2320 1284 2456 paucis,
1306 2316 1590 2454 paucisque
1616 2313 1834 2439 tributis,
1929 2402 1936 2411 .
1990 2312 2011 2342 ⁸

454 2488 652 2592 Ordine
679 2515 889 2613 mutato,
916 2516 968 2593 et
992 2516 1150 2614 motu,
1175 2493 1339 2593 faeere
1364 2490 1492 2589 aeris
1518 2527 1693 2593 auras:

454 2667 537 2767 Sic
564 2666 685 2766 alias
710 2666 819 2767 aliis
843 2666 995 2768 rebus
1019 2668 1260 2768 mutarier
1283 2664 1491 2773 omneis.

242 2978 244 2986 J
276 2948 284 2961 ,
389 2948 392 2953 ,
521 2830 1072 2980 Atmanifestapalarn
1098 2880 1177 2942 res
1201 2840 1408 2958 indicat,
1428 2838 1615 2977 inquis,
1642 2841 1694 2941 in
1721 2879 1867 2944 auras

451 3016 599 3117 Ae'ris
624 3055 651 3116 e
677 3039 812 3117 terra
836 3055 914 3119 res
933 3017 1132 3156 omneis
1157 3052 1394 3134 crescere,
1421 3012 1620 3152 aliqne3

454 3188 538 3313 Et,
565 3192 661 3290 nisi
686 3212 957 3327 tempestas
982 3192 1217 3329 indulget
1240 3213 1467 3328 tempore
1492 3190 1659 3293 fausto

453 3360 729 3482 Imbribus,
757 3385 809 3463 et
833 3361 952 3467 tabe
977 3363 1268 3467 nimborum
1295 3366 1500 3466 arbusta
1525 3366 1776 3486 vacillant,

455 3536 645 3679 Solque
673 3577 764 3641 sua
789 3577 881 3679 pro
906 3564 1049 3679 parte
1075 3540 1226 3662 fovet,
1253 3539 1536 3679 tribuitque
1562 3543 1795 3666 calorem,

456 3708 693 3855 Crescere
721 3751 823 3813 non
852 3716 1045 3852 possint
1070 3714 1258 3854 fruges,
1285 3714 1505 3834 arbusta,
1532 3720 1828 3824 animantes.

455 3885 686 4012 Scilicet3
724 3911 776 3989 et
792 3892 893 3992 nisi
921 3929 1013 3992 nos
1037 3890 1179 3990 cibus
1198 3890 1385 4010 aridus,
1412 3911 1464 3989 et
1488 3912 1633 3992 tener
1656 3891 1847 3998 humor
1875 3971 1883 3983 -

453 4063 692 4202 Adjuvat,
720 4066 900 4173 amisso
916 4065 1025 4204 jam
1050 4104 1276 4206 corpore,
1300 4068 1405 4171 vita
1429 4103 1637 4208 quoque
1663 4073 1827 4173 omnis
1939 4150 1943 4155 ·

456 4238 710 4340 Omnibus
735 4278 762 4338 e
787 4243 952 4346 nervis
977 4266 1131 4382 atque
1156 4246 1352 4348 ossibus
1375 4247 1690 4369 exsolvatur:
1828 4325 1831 4330 -

320 4535 321 4540 Ν
452 4413 763 4552 Adjutamur
787 4418 922 4523 enirn
948 4418 1105 4520 dubio
1129 4422 1323 4557 procul,
1351 4445 1507 4559 atque
1532 4421 1719 4520 alimur
1743 4459 1833 4523 nos
1863 4497 1866 4503 .

457 4583 621 4688 Certis
647 4585 711 4686 ab
738 4588 905 4710 rebus,
932 4594 1080 4695 certis
1105 4595 1216 4695 aliae
1243 4617 1398 4736 atque
1422 4597 1535 4696 aliae
1561 4633 1674 4718 res3

393 4904 395 4915 k
456 4759 715 4875 Nimirum
742 4765 865 4902 quia
889 4768 1201 4871 multimodis
1226 4773 1513 4874 communia
1537 4771 1722 4872 multis.

455 4934 749 5085 Multarum
768 4980 939 5046 rerum
965 4947 1016 5046 in
1041 4945 1194 5063 rebus
1218 4948 1499 5087 primordia
1523 4947 1670 5046 mista

456 5111 603 5233 Sunt,
629 5113 744 5251 ideo
768 5120 916 5225 variis
940 5121 1092 5223 variae
1118 5160 1198 5224 res
1220 5120 1375 5239 rebus
1397 5125 1619 5228 aluntur.
1692 5197 1694 5202 -
