4598 6112
811 546 1092 649 LIBER
1156 547 1560 644 QUINTUS.
1839 551 1941 662 9217

446 800 557 904 Cur
581 827 806 944 nequeat
828 827 967 906 certa
991 806 1168 905 mundi
1194 800 1521 947 languescere
1546 831 1708 949 parte,

444 973 587 1077 Dum
612 979 722 1080 loca
745 976 1024 1078 luminibus
1048 982 1267 1117 propriis
1293 983 1492 1085 inimica
1519 1021 1613 1122 per
1638 987 1779 1088 exitl

514 1149 668 1270 Quod
696 1173 941 1291 superest,
969 1154 1210 1291 quoniam
1237 1159 1410 1294 magni
1434 1196 1528 1295 per
1552 1163 1740 1263 caerula
1758 1165 1937 1267 mundi

442 1322 563 1445 Qua
587 1326 698 1425 lieri
724 1324 979 1464 quidquid
1007 1349 1176 1463 posset
1199 1331 1408 1450 ratione,
1436 1333 1646 1436 resolvi:
1792 1396 1795 1400 ⁴

445 1502 575 1604 Solis
600 1505 678 1604 uti
703 1506 864 1605 varios
889 1541 1082 1625 cursus,
1109 1505 1353 1645 lunaeque
1378 1530 1576 1608 meatus

446 1673 671 1777 Noscere
697 1713 973 1814 possemus,
1003 1678 1221 1815 quaevis
1246 1701 1471 1779 etoausa
1497 1681 1680 1782 cieret:

444 1846 625 1971 Quove
651 1850 801 1951 modo
826 1851 1020 1951 soleant
1045 1852 1226 1954 offecto
1252 1851 1444 1951 lumine
1464 1850 1622 1972 obire,

444 2018 514 2122 Et
538 2061 630 2124 nee
655 2024 938 2162 opinanteis
961 2023 1184 2124 tenebris
1209 2023 1464 2126 obducere
1491 2048 1666 2148 terras,

446 2196 615 2317 Quom
644 2200 789 2337 quasi
814 2201 1112 2324 connivent3
1153 2219 1206 2298 et
1229 2219 1405 2334 aperto
1430 2198 1621 2301 lumine
1646 2241 1851 2306 rursum
1892 2216 1896 2221 ’

440 2369 633 2473 Omnia
657 2375 924 2476 convisunt
948 2372 1083 2474 clara
1105 2372 1214 2472 loca
1241 2372 1458 2473 candida
1481 2376 1594 2478 luce
1619 2418 1629 2479 ε

515 2545 673 2651 Nunc
698 2548 851 2649 redeo
876 2548 940 2647 ad
967 2544 1146 2646 mundi
1174 2547 1464 2666 novitatem,
1491 2569 1545 2648 et
1569 2551 1742 2651 mollia
1766 2575 1919 2655 terrae

442 2720 595 2843 Arva,
623 2761 753 2823 novo
778 2722 900 2823 foetu
928 2720 1054 2859 quid
1080 2721 1304 2858 primum
1330 2680 1383 2820 iri
1408 2722 1614 2823 luminis
1638 2761 1750 2824 oras

354 2970 362 2981 -
439 2893 665 3017 Tollere,
692 2920 743 2996 et
767 2896 972 2997 incertis
998 2893 1209 2994 teutdrit
1233 2892 1437 2993 credere
1462 2894 1645 2998 ventis.

512 3070 786 3210 Principio,
813 3111 977 3209 genus
1001 3071 1294 3191 herbarum,
1321 3070 1640 3207 viridemque
1665 3070 1883 3171 nitorem

440 3243 599 3349 Terra
624 3246 768 3346 dedit
792 3247 981 3348 circum
1007 3246 1207 3370 colleis3
1245 3282 1553 3384 camposque
1578 3281 1673 3384 per
1695 3245 1887 3346 omneis

444 3421 650 3524 Florida
674 3420 927 3523 fulserunt
943 3421 1180 3522 viridanti
1206 3441 1353 3558 prata
1375 3419 1571 3519 colore:

441 3596 831 3734 Arboribusque
859 3594 1036 3695 datum
1062 3616 1138 3696 est
1160 3593 1308 3694 variis
1333 3590 1519 3690 exinde
1545 3626 1638 3727 per
1663 3630 1812 3693 auras

445 3766 719 3870 Crescendi
746 3805 984 3905 magnum
1011 3766 1244 3867 immissis
1270 3787 1522 3866 certamen
1548 3760 1793 3909 habenis:

387 3972 409 3995 ·
441 3941 518 4046 Ut
540 3943 715 4081 pluma
740 3965 895 4080 atque
919 3916 1013 4079 pili
1035 3940 1259 4079 primum
1284 3961 1510 4076 setaeque
1534 3961 1772 4041 creantur

443 4114 852 4259 Quadrupedum
867 4116 919 4216 in
938 4112 1191 4235 membris,
1205 4134 1257 4213 et
1271 4114 1932 4251 corporepennipotentum3

442 4289 526 4392 Sic
552 4313 814 4392 novatum
838 4289 991 4389 tellus
1016 4286 1198 4388 herbas
1221 4285 1547 4423 virgultaque
1573 4287 1795 4424 primum

442 4461 689 4567 Sustulit:
730 4463 848 4564 inde
871 4461 968 4564 loci
994 4459 1226 4561 mortalia
1250 4459 1397 4559 saecla
1421 4460 1610 4561 creavit

442 4635 614 4740 Multa
636 4637 800 4739 modis
824 4639 997 4740 multis
1020 4639 1159 4741 varia
1181 4634 1374 4736 ratione
1401 4657 1571 4736 coorta
1589 4675 1609 4789 :-
1726 4649 1728 4652 ’

443 4808 583 4915 Nam
608 4849 776 4951 neque
801 4811 865 4913 de
890 4816 1015 4916 eoelo
1041 4813 1277 4917 cecidisse
1303 4813 1541 4912 animalia
1564 4834 1793 4952 possunt,
1930 4910 1937 4921 .

444 4984 558 5086 Neo
583 4986 838 5097 terrestria
862 4986 926 5087 de
951 4990 1091 5090 salsis
1116 4991 1278 5091 exisse
1303 4986 1514 5087 lacunis.

350 5176 355 5185 '
442 5155 721 5302 Linquitur
743 5183 804 5262 ut
825 5164 1005 5266 merito
1030 5186 1318 5269 maternum
1343 5199 1532 5267 nomen
1558 5161 1745 5304 adepta

1172 5343 1220 5393 ΒΘ
