4598 6112
397 506 499 606 0216
568 644 571 649 ἢ
772 516 830 603 Τ.
884 512 1320 605 Lucusrrt
1378 509 1601 625 ,cunr

400 774 531 878 Inde
552 771 847 875 Autumnus
873 744 981 874 adit
996 814 1010 895 ;
1048 771 1284 911 graditur
1309 768 1457 871 simul
1489 766 1649 869 Euius
1676 764 1853 868 Euan:

399 949 530 1051 lude
557 951 669 1050 aliae
694 971 1021 1084 tempestates
1046 947 1288 1085 ventique
1312 966 1616 1083 sequuntur,

399 1124 690 1226 Altitonans
709 1121 1006 1240 Volturnus,
1035 1143 1086 1221 et
1109 1120 1297 1238 Auster
1321 1120 1534 1223 fulmine
1559 1119 1787 1257 pollens:

353 1406 359 1415 ,
399 1297 630 1398 Tandem
662 1294 852 1396 Bruma
878 1300 1035 1400 niveis
1062 1296 1244 1418 adfert,
1272 1300 1583 1436 pigrumque
1608 1297 1826 1434 rigorem

400 1473 609 1592 Reddit,
634 1471 826 1609 Hycms
843 1474 1090 1609 sequitur,
1112 1472 1364 1607 crepitans
1385 1512 1441 1574 ac
1460 1471 1894 1609 dentibusAlgus.

401 1645 523 1766 Quo
548 1646 715 1744 minus
741 1668 817 1744 est
841 1647 1042 1765 mirum,
1070 1646 1108 1746 si
1137 1669 1273 1757 certo
1298 1671 1525 1785 tempore
1549 1649 1673 1749 luna

401 1816 663 1957 Gignitur,
691 1840 743 1918 et
767 1836 904 1919 'certo
929 1821 1128 1921 deletur
1150 1843 1378 1959 tempore
1404 1860 1595 1942 rursus,

403 1993 576 2115 Quom
604 1995 715 2096 ficri
741 1995 936 2131 possint
960 2016 1064 2095 tam
1091 2021 1227 2098 certo
1252 2022 1480 2136 tempore
1507 1999 1682 2100 multa.

472 2171 603 2271 Solis
628 2171 750 2270 item
777 2206 986 2307 quoque
1011 2169 1254 2292 defectus,
1282 2174 1524 2313 lunaeque
1549 2176 1782 2295 latebras,

402 2344 643 2475 Pluribus
670 2384 696 2446 e
723 2344 883 2444 causis
907 2343 1017 2442 fieri
1043 2344 1137 2443 tibi
1163 2383 1308 2483 posse
1324 2351 1620 2486 ‚putandum
1638 2374 1736 2452 est.

403 2521 539 2623 Nam
568 2557 659 2620 cur
684 2519 806 2619 luna
832 2542 1196 2683 queat'terram
1223 2525 1481 2625 secludere
1507 2527 1623 2626 solis

403 2694 638 2812 Lumine,
666 2715 717 2792 et
742 2730 772 2791 a
795 2694 941 2792 terris
965 2693 1120 2792 altum
1149 2719 1302 2831 caput
1326 2697 1588 2799 obstruere
1614 2698 1696 2836 eji,

402 2868 668 3011 Objiciens
691 2907 880 2970 caecum
907 2868 1060 2968 radiis
1085 2869 1381 2970 ardentibus
1402 2870 1607 2972 orbem:

400 3043 655 3182 Tempore
681 3043 859 3143 eodem
885 3043 1023 3143 aliud
1047 3042 1212 3143 facere
1238 3042 1290 3142 id
1318 3082 1417 3143 non
1445 3081 1590 3181 posse
1616 3069 1830 3182 putetur
1861 3022 1874 3051 ⁹

405 3221 622 3358 Corpus,
650 3218 785 3359 quod
816 3257 1009 3320 cassum
1036 3218 1238 3319 labatur
1261 3218 1451 3317 lumine
1477 3223 1711 3357 semper?

403 3395 595 3536 Solque
622 3433 736 3494 suos
761 3394 913 3493 etiam
939 3393 1193 3494 dimittere
1217 3393 1491 3530 languidus
1515 3394 1699 3533 igneis-

400 3566 652 3705 Tempore
677 3606 769 3668 cur
792 3589 930 3669 certo
956 3590 1193 3705 nequeat,
1221 3542 1765 3705 recrearequelumen‚

404 3743 573 3864 Quom
600 3745 708 3876 loca
734 3741 980 3880 praeteriit
999 3741 1215 3865 flammis
1240 3739 1421 3839 infesta
1448 3778 1539 3877 per
1565 3780 1728 3861 auras,

405 3915 538 4037 Quae
557 3916 750 4016 faciunt
769 3916 945 4053 igneis·
955 3915 1280 4051 interstingui
1307 3936 1461 4050 atque
1487 3915 1684 4051 periret

406 4092 474 4193 Et
497 4130 588 4193 cur
612 4114 746 4190 terra
772 4112 926 4229 queat
951 4090 1123 4190 lunam
1151 4091 1364 4226 spoliare
1389 4091 1601 4191 vicissim

406 4267 639 4385 Lumine,
661 4289 713 4365 et
737 4303 1038 4403 oppressum
1065 4268 1219 4366 solem
1247 4304 1400 4402 super
1422 4267 1531 4402 ipsa
1557 4288 1746 4386 tencre,

401 4438 676 4542 Menstrua
703 4436 826 4536 dum
852 4439 1041 4576 rigidas
1066 4441 1179 4539 coni
1206 4439 1487 4576 perlabitur
1505 4438 1739 4549 umbras:

400 4614 652 4753 Tempore
678 4610 858 4710 eodem
884 4612 1022 4710 aliud
1049 4636 1271 4751 nequeat
1290 4651 1580 4714 succurrere
1605 4614 1741 4714 lunae

404 4789 620 4925 (lorpuS,
648 4770 726 4884 vel
754 4821 936 4921 supera
962 4787 1077 4888 solis
1102 4789 1356 4925 perlabier
1373 4787 1565 4909 orbem,

331 5068 338 5081 ,
404 4960 555 5082 Quod
586 4961 750 5061 radios
777 4961 1128 5098 interrumpat,
1156 4965 1432 5103 lumenque
1459 4967 1755 5102 profusum?

404 5136 474 5237 Et
498 5158 664 5235 tamen
694 5138 802 5272 ipsa
826 5175 917 5238 suo
941 5138 982 5239 si
1007 5137 1162 5276 fulgit
1179 5140 1301 5240 luna
1320 5141 1497 5263 nitore,
