4620 6106
388 367 526 533 ⁸190
676 424 680 432 ’
747 380 808 523 'n'
875 433 1293 525 neonem
1359 436 1573 528 conl

426 691 771 832 Notivomque
798 692 962 812 simul,
990 695 1117 795 ratio
1142 692 1411 794 reddunda
1435 695 1514 815 sit,
1542 734 1670 799 esse:

423 865 492 968 Et
517 845 707 1007 quibne
728 867 813 966 ille
840 868 1000 969 modis
1027 908 1322 1009 congressus
1349 871 1575 970 materiai

423 1039 672 1144 Fundorit
695 1066 898 1162 terram,
926 1045 1123 1166 coelum,
1152 1084 1304 1163 mare,
1332 1044 1510 1189 sidere,
1533 1045 1704 1166 solem,

430 1216 693 1356 Lunaique
718 1216 960 1355 globnm3
998 1242 1106 1319 tum
1134 1259 1251 1359 quoe
1278 1222 1461 1320 tellure
1486 1221 1768 1321 animantes

422 1391 739 1511 Exstiterint,
768 1413 819 1520 et
843 1430 960 1530 quae
987 1393 1127 1492 nullo
1154 1394 1255 1492 sint
1281 1414 1506 1528 tempore
1531 1415 1699 1519 natae:

421 1563 601 1686 Quove
628 1565 777 1664 modo
802 1603 963 1703 genus
989 1565 1269 1667 humanum
1295 1568 1518 1666 variante
1543 1569 1749 1706 loquela

421 1738 648 1879 Coeperit
671 1742 803 1839 inter
829 1779 879 1841 se
904 1743 1035 1842 vesei
1059 1780 1152 1879 per
1176 1741 1381 1840 nomina
1406 1779 1604 1858 rerum:

419 1913 488 2014 Et
514 1914 702 2054 quibus
728 1915 813 2014 ilie
838 1916 1000 2016 modis
1027 1916 1192 2015 divdm
1220 1937 1383 2014 metus
1408 1916 1677 2015 insinuent
1731 2022 1734 2033 ,
1784 1936 1790 1945 “

417 2089 644 2210 Pectora:
672 2113 918 2191 terrarum
945 2092 1035 2229 qui
1062 2091 1113 2189 in
1140 2087 1251 2189 orbi
1277 2111 1446 2190 saneta
1472 2112 1646 2190 tuetur

416 2265 569 2387 Fano,
597 2267 750 2382 laone,
778 2265 933 2384 luceo,
962 2302 1086 2384 arae,
1114 2263 1481 2400 simulacraque
1508 2263 1689 2367 divdm'.

485 2439 754 2559 Praeterea,
782 2440 897 2538 solis
923 2476 1113 2558 consue,
1142 2438 1381 2575 lunaeque
1407 2460 1602 2539 meatus

413 2614 718 2753 Expediam,
747 2653 850 2751 qna
875 2614 924 2714 vi
950 2615 1121 2713 flectat
1144 2633 1325 2711 natura
1347 2610 1670 2748 gubernans:

413 2788 500 2890 Ne
527 2789 655 2889 forte
682 2787 791 2887 haec
817 2789 949 2887 inter
975 2788 1153 2888 eoelum
1179 2809 1468 2923 terramque
1496 2823 1697 2915 reempr

414 2964 597 3065 Libera
625 2985 803 3102 sponte
830 3000 920 3062 sna
945 3001 1118 3063 cursus
1144 2963 1357 3062 lustrare
1383 2963 1669 3098 perenneis‚

412 3140 468 3240 M
474 3144 673 3278 erigere
696 3139 759 3238 ad
786 3136 958 3273 fruges
985 3137 1259 3273 augendaS,
1287 3158 1442 3274 atque
1470 3139 1795 3244 animanteis:
1843 3192 1846 3197 ·

411 3316 556 3419 Neve
583 3317 754 3454 aliqua
780 3313 944 3413 divdm
971 3314 1104 3412 volvi
1130 3314 1323 3412 ratione
1349 3333 1602 3449 putemus,
1636 3379 1638 3384 ,

299 3492 307 3507 ’
410 3490 564 3610 Nam,
593 3487 722 3588 bene
750 3487 839 3625 qui
856 3484 1087 3585 'didicere
1114 3485 1233 3585 deos
1259 3523 1490 3586 securum
1517 3523 1666 3623 agere
1694 3524 1871 3609 aevom,

409 3666 459 3765 Si
488 3666 654 3763 tarne'n
684 3663 874 3760 interea
900 3660 1148 3759 mirantur
1173 3700 1277 3798 qua
1302 3662 1496 3760 ratione
1741 3650 1745 3657 ⁵

408 3838 643 3976 Quaeque
671 3835 778 3974 geri
806 3836 1014 3972 possint,
1033 3838 1321 3972 praesertim
1348 3834 1499 3937 rebus
1525 3837 1577 3937 in
1605 3836 1719 3957 illis,

407 3998 539 4134 Quae
567 3982 749 4150 snpera
775 4031 929 4146 eaput
949 4007 1168 4110 aetheriis
1194 4033 1472 4113 cernuntur
1497 4013 1546 4111 in
1575 4013 1704 4137 oris;

406 4184 600 4283 Rursus
625 4184 678 4280 in
704 4181 937 4316 antiquas
963 4180 1253 4282 referuntur
1277 4183 1580 4321 relligioneS,

350 4336 354 4340 i
407 4358 474 4458 Et
499 4357 728 4456 dominos
756 4356 911 4453 aereis
937 4356 1210 4477 adsiscunt,
1237 4358 1406 4457 omnia
1430 4395 1575 4494 posse

405 4532 548 4652 Quos
576 4526 740 4626 miseri
769 4526 998 4646 eredunt,
1026 4530 1190 4666 ignari
1219 4530 1345 4668 quid
1372 4555 1529 4668 queat
1554 4571 1676 4651 esse,

405 4703 544 4825 Quid
575 4724 795 4840 nequeat
811 4742 824 4825 ;
863 4701 1006 4802 finita
1031 4725 1251 4840 potestas
1278 4704 1499 4841 denique
1525 4707 1755 4844 quoique

406 4881 640 5002 Quanam
668 4881 732 4979 sit
757 4880 966 4994 ratione,
995 4896 1149 5011 atque
1175 4874 1275 4973 alte
1300 4878 1545 4985 terminus
1570 4876 1783 4980 haerens,

474 5051 627 5174 Quod
649 5074 892 5192 superest,
912 5086 976 5149 ne
996 5069 1045 5146 te
1066 5048 1117 5147 in
1138 5049 1392 5184 promissis
1411 5051 1560 5190 plura
1578 5084 1865 5179 mor'emur3
