4598 6112
796 530 1071 619 LIBER
1135 523 1543 618 QUINTUS.
1805 524 1900 636 197

400 783 630 906 Memmi,
659 789 798 928 quod
825 812 1010 891 terram
1036 810 1195 925 atque
1219 785 1388 923 ignem
1418 785 1648 885 mortalia
1667 791 1860 927 sumpsi

399 957 538 1082 Esse,
568 999 734 1100 neque
760 963 1028 1063 humorem
1055 959 1284 1059 dubitavi
1311 997 1562 1098 aurasque
1587 962 1771 1097 perire,

398 1136 572 1274 Atque
599 1141 774 1240 eadem
799 1140 961 1277 gigni,
989 1173 1265 1274 rursusque
1293 1172 1565 1272 augescere
1593 1136 1717 1237 dixi.

470 1311 744 1453 Principio,
771 1354 888 1453 pars
913 1319 1066 1414 terrai
1091 1310 1336 1410 nonnulla
1362 1335 1570 1447 perusta

401 1486 606 1590 Solibus
632 1491 875 1611 adsiduis,
891 1489 1064 1589 multa
1092 1487 1288 1626 pulsata
1312 1486 1503 1624 pedum
1529 1489 1578 1587 vi

399 1657 629 1806 Pulveris
654 1661 862 1764 exhalat
885 1660 1141 1782 nebulam,
1167 1660 1453 1801 nubeisque
1478 1663 1739 1786 volanteiS,

401 1833 544 1976 Quas
571 1838 722 1937 validi
748 1860 854 1938 toto
882 1837 1186 1975 dispergunt
1211 1839 1326 1937 aere
1351 1837 1519 1938 venti:

400 2009 524 2113 Pars
547 2013 702 2113 etiam
728 2011 994 2149 glebarum
1022 2012 1085 2127 ad
1113 2011 1354 2113 diluviem
1381 2035 1646 2113 revocatur

401 2181 674 2309 Imbribus,
701 2209 754 2286 et
779 2188 914 2323 ripas
938 2186 1169 2287 radentia
1193 2187 1407 2287 flumina
1432 2187 1638 2291 rodunt.

229 2354 240 2371 ’
400 2356 669 2482 Praeterea,
697 2399 791 2498 pro
816 2383 961 2498 parte
986 2399 1076 2462 sua
1102 2361 1454 2501 quodcunque
1480 2363 1585 2484 alit,
1612 2388 1783 2503 auget,

400 2508 650 2659 Roditur3
688 2559 741 2635 et
765 2538 1005 2673 quoniam
1033 2534 1189 2637 dubio
1215 2538 1394 2675 procul
1420 2574 1525 2635 esse
1550 2537 1753 2638 videtur

402 2700 760 2850 OmniparenS,
788 2712 966 2812 eadem
992 2722 1163 2811 rerum
1188 2749 1454 2814 commune
1481 2714 1788 2850 sepulerum,

400 2882 539 3023 Ergo
565 2908 700 2987 terra
724 2886 815 2986 tibi
845 2886 1051 3005 libatur,
1079 2907 1131 2984 et
1156 2907 1305 2985 aucta
1330 2887 1582 2987 recreseit.

472 3057 624 3178 Quod
648 3083 892 3197 superest,
910 3058 1124 3161 humore
1144 3097 1274 3159 novo
1294 3097 1447 3181 mare,
1464 3062 1693 3181 flumina,
1716 3062 1897 3166 fonteis

402 3232 615 3371 Semper
640 3232 918 3354 abundare,
946 3255 1000 3332 et
1022 3233 1193 3334 latices
1219 3272 1424 3335 manare
1449 3239 1733 3374 perenneis,

403 3407 494 3510 Nil
522 3448 652 3548 opus
677 3433 753 3510 est
776 3409 959 3530 verbist,
988 3445 1203 3546 magnus
1223 3408 1465 3510 decursus
1491 3447 1740 3549 aquarum

378 3554 648 3723 ¹Undique
676 3584 932 3685 declarat:
972 3583 1057 3682 sed
1087 3583 1305 3720 primum
1334 3582 1587 3723 quidquid
1616 3594 1769 3723 aquai

398 3757 633 3880 Tollitur,
661 3761 711 3860 in
740 3795 1040 3895 summaque
1066 3756 1141 3875 fit,
1170 3776 1227 3855 ut
1251 3753 1378 3857 nihil
1405 3755 1589 3861 humor
1613 3759 1873 3878 abundet;

401 3933 595 4037 Partim
622 3935 763 4075 quod
788 3932 948 4035 validi·
966 3953 1222 4034 verrentes
1247 3969 1458 4069 aequora
1481 3934 1620 4035 venti
1879 3929 1881 3933 ⁸

401 4104 742 4230 Demiuuunt‚
769 4108 1029 4247 radiisque
1055 4131 1290 4208 retexens
1316 4105 1555 4210 aetherius
1580 4110 1684 4236 sol;

362 4352 368 4361 -
401 4281 593 4384 Partim
623 4283 762 4423 quod
790 4282 965 4382 subter
989 4321 1084 4421 per
1106 4305 1265 4382 terras
1292 4280 1487 4382 diditur
1510 4284 1733 4386 omneis:

401 4455 696 4558 Percolatur
720 4458 855 4559 enim
879 4459 1032 4581 virus,
1058 4480 1299 4595 retroque
1324 4478 1552 4558 remanat

402 4631 644 4736 Materies
668 4632 910 4755 humoris,
937 4656 991 4734 et
1014 4632 1079 4734 ad
1106 4654 1261 4772 caput
1285 4632 1519 4734 amnibus
1544 4632 1706 4735 omnis

403 4809 684 4935 Convenit3
721 4811 841 4912 inde
867 4847 1021 4949 super
1043 4832 1204 4909 terras
1229 4808 1348 4908 fluit
1371 4808 1574 4946 agmine
1599 4806 1755 4930 dulci,

402 4984 523 5108 Qua
545 4990 626 5091 via
650 5010 785 5089 secta
808 4986 961 5088 semel
985 4982 1187 5124 liquido
1210 4979 1342 5120 pede
1368 4981 1555 5081 detulit
1578 4980 1757 5087 undas.

469 5162 606 5265 Aera
628 5202 767 5265 nuuc
792 5163 952 5303 igitur
977 5159 1158 5280 dicam,
1187 5158 1280 5298 qui
1305 5196 1514 5299 corpore
1539 5179 1647 5262 toto
