4598 6112
427 527 530 631 246
760 537 819 624 Τ.
888 532 1318 625 LUCRETII
1384 537 1594 633 CARI
1676 557 1679 560 ’

426 797 600 933 Atque
625 795 850 894 animum
876 792 1074 893 infestis
1099 795 1213 931 cogi
1238 799 1421 899 servire
1448 802 1696 939 querelis:

255 1087 262 1095 ¹
426 967 704 1090 Intellexit,
732 968 803 1069 ibi
829 968 1007 1067 vitium
1031 1005 1119 1068 vas
1143 969 1340 1071 efficere
1365 973 1549 1109 ipsum,

426 1138 720 1281 Omniaque
747 1143 881 1242 illius
906 1143 1027 1243 vitio
1054 1146 1367 1281 corrumpier
1393 1151 1545 1271 intus,

424 1311 558 1434 Quae
585 1315 786 1416 conlata
810 1315 948 1435 foris,
976 1338 1028 1415 et
1052 1319 1316 1421 commoda
1341 1361 1542 1461 cunque
1567 1330 1827 1456 venirent3

420 1487 615 1592 Partim
643 1491 784 1629 qnod
810 1492 1029 1613 fluxum,
1055 1518 1425 1637 pertusumque
1451 1539 1556 1603 esse
1580 1504 1800 1627 videbat,

419 1663 497 1769 Ut
521 1664 664 1766 nulla
688 1688 858 1801 posset
883 1670 1077 1769 ratione
1103 1668 1354 1808 explerier
1378 1668 1635 1815 unquam:
1722 1708 1726 1718 “

417 1838 614 1941 Partim
642 1840 785 1980 quod
806 1864 937 1941 tetro
965 1843 1112 1981 quasi
1137 1883 1469 1983 conspurcare
1495 1890 1670 1991 sapore

309 2071 318 2083 ·
419 2014 610 2116 Omnia
634 2015 891 2137 cernebat,
919 2056 1244 2158 quaecunque
1271 2049 1528 2159 receperat
1550 2028 1707 2135 intus

414 2190 670 2296 Veridicis
696 2191 855 2329 igitur
878 2197 1121 2333 purgavit
1138 2217 1343 2332 pectora
1368 2198 1530 2318 dictis,

414 2366 487 2473 Et
512 2370 666 2471 finem
694 2369 873 2468 statuit
898 2369 1203 2507 cuppedinis
1229 2392 1383 2510 atque
1409 2371 1616 2495 timoris,
1653 2462 1661 2486 ,

415 2536 776 2683 Exposuitque
794 2539 995 2644 Bonum
1020 2542 1303 2666 Summum,
1325 2584 1429 2684 quo
1448 2549 1907 2676 tendimusomnes,

414 2720 556 2842 Quid
585 2721 731 2840 foret,
760 2740 916 2859 atque
943 2719 1073 2820 viam
1101 2723 1400 2822 monstravit
1424 2726 1622 2825 tramite
1646 2764 1823 2864 prono,

413 2896 532 3020 Qua
557 2902 819 3037 possemus
842 2893 907 3019 ad
934 2893 986 2995 id
1014 2917 1152 2996 recto
1179 2895 1483 2998 contendere
1508 2898 1687 3001 cursu:

413 3073 620 3197 Quidve
646 3073 768 3174 mali
793 3071 926 3175 foret
951 3074 1001 3174 in
1030 3073 1184 3176 rebus
1210 3071 1507 3175 mortalibus
1532 3070 1734 3212 passim,

412 3239 572 3371 Quod
600 3249 784 3347 flueret
805 3245 1030 3348 fortunai
1056 3249 1294 3387 varieque
1318 3248 1523 3366 volaret,
1719 3229 1723 3237 ¹

409 3423 513 3528 Seu
541 3461 677 3540 casu,
707 3460 794 3522 seu
821 3422 886 3543 vi,
916 3420 1056 3560 quod
1083 3423 1153 3524 sic
1179 3445 1359 3524 natura
1383 3421 1637 3559 parbsset3

407 3597 478 3704 Et
505 3596 695 3740 quibus
720 3635 748 3695 e
774 3597 934 3734 portis
960 3598 1155 3698 occurri
1182 3599 1410 3737 quoique
1430 3596 1660 3697 deceret:

404 3776 479 3882 At
502 3813 665 3916 genus
692 3771 973 3873 humanum
991 3769 1181 3873 frustra
1203 3773 1509 3911 plerumque
1533 3770 1768 3910 probavit

402 3951 625 4060 Volvere
652 3987 889 4053 curarum
914 3950 1101 4051 tristeis
1127 3949 1178 4049 in
1206 3932 1409 4087 pectore
1433 3947 1637 4053 fluctus.
1752 4028 1755 4036 ,

477 4129 617 4234 Nam
647 4127 803 4229 veluti
829 4125 977 4266 pueri
1002 4123 1277 4262 trepidant,
1304 4146 1459 4262 atque
1485 4122 1653 4224 omnia
1675 4123 1821 4224 caecis

403 4306 465 4414 In
493 4306 719 4409 tenebris
744 4323 1015 4427 metuunt3
1054 4300 1123 4401 sic
1149 4337 1240 4400 nos
1265 4299 1319 4399 in
1343 4298 1456 4400 luce
1480 4297 1714 4425 timemus
1881 4383 1883 4386 Α

403 4482 692 4604 Interdum,
719 4477 880 4580 nihilo
907 4515 1027 4617 quae
1054 4499 1173 4577 sunt
1199 4462 1470 4576 metuenda
1492 4472 1670 4610 magis,
1696 4507 1852 4611 quam

404 4664 540 4790 Quae
567 4658 714 4801 pueri
741 4651 1045 4793 intenebris
1071 4653 1315 4794 pavitant,
1342 4649 1652 4788 finguntque
1674 4649 1862 4754 futura.¹

401 4840 560 4946 Hunc
589 4836 747 4977 igitur
770 4855 1017 4935 terrorem
1043 4829 1215 4947 animi,
1240 4823 1580 4964 tenebrasque
1604 4861 1804 4927 necesse
1822 4846 1897 4925 cst

400 5014 528 5123 Non
561 5014 686 5115 radii
714 5011 847 5131 solis,
876 5046 968 5110 nec
993 5003 1164 5107 lucida
1186 5002 1286 5106 tela
1313 5000 1413 5100 diei

399 5191 711 5312 Discutiunt,
740 5186 830 5291 sed
855 5207 1052 5289 naturae
1078 5178 1286 5320 species,
1303 5175 1572 5332 ratioque:
1624 5296 1628 5301 .
1752 5220 1755 5224 ·
1854 5257 1861 5266 .
