4598 6112
412 507 510 616 170
742 508 802 597 Τ.
863 504 1290 597 LUCRETII
1353 506 1565 598 CARI

412 771 576 893 Quam
606 768 749 867 daret
772 766 1025 903 objectum
1051 774 1244 906 parmai
1265 768 1392 867 laeva
1411 804 1504 903 per
1527 792 1704 873 artem.

480 941 681 1042 Scilicet
705 962 757 1039 et
782 939 968 1040 fessum
993 979 1176 1080 corpus
1203 941 1441 1042 mandare
1467 943 1626 1079 quieti

408 1120 579 1222 Multo
605 1119 862 1254 antiquius
887 1141 977 1238 est,
1000 1156 1153 1255 quam
1178 1116 1293 1215 lecti
1319 1115 1492 1214 mollia
1515 1138 1698 1221 strata:

408 1293 478 1395 Et
501 1295 674 1394 sedare
700 1295 830 1396 sitim
858 1293 997 1429 prius
1023 1315 1113 1411 est,
1142 1327 1297 1429 quam
1322 1290 1520 1424 pocula,
1542 1314 1732 1395 natum.

409 1466 536 1569 Haec
561 1468 717 1604 igitur
740 1486 945 1604 possent
972 1462 1147 1562 utendi
1175 1463 1377 1598 cognita
1400 1501 1547 1563 causa

407 1640 632 1763 Credier‚
661 1680 723 1740 ex
749 1680 841 1741 usu
872 1679 988 1778 quae
1014 1661 1132 1740 sunt
1151 1642 1355 1779 vitaque
1381 1663 1599 1776 reperta.

405 1815 501 1917 Illa
526 1818 733 1955 quidem
760 1853 979 1915 seorsum
1004 1839 1124 1914 sunt
1149 1817 1333 1933 omnia,
1362 1851 1479 1950 quae
1505 1815 1648 1950 prius
1673 1813 1782 1954 ipsa

404 1988 560 2110 Nata,
588 1989 773 2089 dedere
799 2027 901 2089 suae
925 2012 1040 2128 post
1065 1991 1294 2091 notitiam
1321 1989 1581 2089 utilitatis:

402 2164 523 2288 Quo
548 2204 732 2304 genere
758 2165 810 2262 in
836 2166 1009 2300 primis
1035 2203 1206 2266 sensus
1226 2189 1277 2265 et
1304 2165 1529 2266 membra
1552 2166 1798 2269 videmus
1913 2160 1920 2173 ⁸

402 2340 576 2462 Quare
602 2341 750 2439 etiam
772 2361 926 2474 atque
949 2338 1098 2437 etiam
1118 2337 1296 2475 procul
1317 2362 1395 2438 est
1418 2361 1472 2438 ut
1490 2340 1694 2441 credere
1713 2342 1892 2479 possiS,

399 2513 649 2618 Utilitatis
672 2509 738 2611 oh
758 2511 975 2611 officium
1003 2514 1224 2649 potuisse
1250 2512 1421 2611 creari.

470 2685 608 2787 Illud
634 2687 754 2785 item
780 2723 882 2783 non
910 2709 986 2785 est
1012 2685 1316 2805 mirandum,
1344 2687 1566 2823 corporis
1591 2687 1700 2822 ipsa

401 2864 555 2989 Quod
584 2887 766 3007 natura
790 2860 959 2961 cibum
988 2862 1173 2999 quaerit
1198 2862 1484 3000 quoiusque
1506 2861 1802 2985 animantis3

402 3040 610 3180 Quippe
637 3039 824 3138 etenim
849 3041 1008 3138 fluere
1028 3060 1183 3174 atque
1209 3037 1441 3138 recedere
1468 3033 1680 3171 corpora
1703 3034 1855 3135 rebus

400 3215 573 3317 Multa
597 3215 757 3314 modis
782 3212 954 3312 multis
981 3211 1145 3331 docui,
1175 3212 1261 3312 sed
1286 3213 1507 3349 plurima
1533 3208 1723 3310 debent

401 3387 482 3489 Ex
509 3384 808 3487 animalibus
833 3385 893 3484 iis
920 3421 1040 3521 quae
1064 3406 1183 3484 sunt
1207 3384 1427 3485 exercita
1452 3406 1626 3506 motu3

401 3559 674 3699 Multaque
700 3598 792 3698 per
818 3558 1054 3659 sudorem
1081 3597 1145 3657 ex
1172 3559 1272 3660 alto
1297 3596 1470 3695 pressa
1486 3556 1735 3680 feruntur,

401 3735 571 3838 Multa
597 3774 689 3873 per
712 3774 766 3834 os
792 3732 1110 3855 exhalantur,
1137 3771 1291 3872 quom
1317 3733 1560 3871 languida
1585 3734 1839 3837 anhelant.

401 3909 498 4012 His
523 3912 680 4049 igitur
704 3906 854 4010 rebus
880 3910 1085 4010 rarescit
1109 3947 1325 4047 corpus3
1363 3931 1414 4009 et
1432 3910 1594 4010 omnis

327 4146 329 4150 ·
401 4085 678 4188 Subruitur
701 4109 898 4205 natura,
926 4084 1070 4184 dolor
1096 4124 1250 4224 quam
1277 4085 1603 4223 consequitur
1627 4124 1764 4188 rem:

400 4260 677 4400 Propterea
702 4261 900 4397 capitur
924 4258 1083 4382 cibus,
1110 4285 1171 4361 ut
1194 4259 1448 4362 suffulciat
1472 4283 1626 4380 artuS,

397 4437 467 4539 Et
491 4459 683 4537 recreet
707 4437 855 4537 vireis
882 4435 1179 4554 interdatus,
1206 4459 1361 4573 atque
1386 4457 1646 4572 patentem

397 4613 498 4717 Per
522 4609 748 4713 membra
774 4649 830 4710 ae
855 4622 1015 4711 venas
1033 4631 1092 4709 ut
1116 4645 1335 4707 amorem
1362 4609 1568 4711 obturet
1592 4611 1792 4717 edendi.

467 4786 669 4889 Humor
693 4787 814 4886 item
841 4785 1054 4887 discedit
1079 4786 1132 4885 in
1157 4787 1326 4887 omnia
1350 4825 1467 4924 quae
1492 4788 1601 4888 loca
1625 4827 1829 4929 cunque

396 4961 619 5064 Poscunt
643 4959 923 5082 humorem,
950 4964 1330 5101 glomerataque
1356 4963 1516 5061 multa
1539 4965 1738 5101 vaporis

383 5137 640 5278 Corpora,
667 5178 787 5279 quae
811 5135 1068 5241 stomacho
1094 5133 1328 5274 praebent
1351 5137 1584 5239 incendia
1609 5160 1796 5259 nostro,
