4598 6112
733 476 1031 581 'maun
1078 473 1453 584 1111111111.
1782 477 1845 595 19

363 751 604 890 Namque
624 787 771 851 canes
796 770 855 850 ut
878 749 1180 885 montivagae
1206 787 1433 887 persaepe
1460 748 1585 851 ferai

361 927 597 1032 Naribus·
615 894 880 1029 inveniunt
904 926 1114 1050 intectas
1138 924 1331 1028 frunde
1348 918 1560 1064 quietes,
1625 925 1628 934 ’
1709 1028 1712 1034 ,

361 1102 493 1206 Cum
519 1101 672 1204 semel
692 1100 988 1202 institerunt
1011 1097 1222 1236 vestigia
1245 1121 1382 1200 certa
1404 1101 1526 1203 viai:

360 1278 444 1383 Sic
469 1279 573 1382 alid
598 1301 663 1378 ex
687 1275 786 1377 alio
810 1311 903 1412 per
926 1295 977 1373 te
1001 1295 1110 1373 tute
1136 1274 1243 1411 ipse
1267 1274 1453 1393 videre

227 1590 229 1595 Α
357 1452 568 1556 Talibus
593 1454 646 1552 111
671 1447 824 1551 rebus
847 1448 1050 1585 poteris,
1079 1485 1335 1584 caecasque
1360 1447 1577 1550 latebras

361 1628 625 1733 Insinuare
648 1623 858 1739 011111111,
885 1642 937 1720 et
954 1657 1126 1721 verum
1151 1621 1445 1757 protrahere
1471 1598 1606 1726 inde.

412 1801 642 1924 -Quodsi
670 1796 900 1937 pigraris
926 1794 1229 1931 paullumve·
1243 1796 1536 1899 abscesseris
1556 1795 1619 1898 ab
1645 1834 1740 1918 rep·

359 1977 472 2106 Hoc
491 1974 585 2076 tibi
604 1974 679 2076 de?
693 1972 848 2109 plano
872 2008 1075 2108 possum
1100 1975 1411 2109 promittere,
1440 1973 1676 2078 Memmii

206 2221 210 2242 .
357 2152 539 2290 Usque
563 2148 688 2249 adeo
711 2146 879 2284 largos
903 2143 1130 2268 haustus,
1155 2185 1184 2245 e
1209 2146 1433 2251 fontibus
1453 2151 1659 2291 1111111111,Ι

359 2328 562 2466 Lingua
585 2361 697 2424 meo
722 2321 885 2424 suavis
910 2297 1092 2419 ditide
1117 2343 1320 2457 pectore
1344 2321 1542 2445 fundet,
1580 2336 1608 2455 ',
1704 2340 1706 2345 ’

356 2505 434 2612 Ut
450 2525 638 2621 verear,
665 2537 732 2600 ne
755 2498 900 2599 tarda
922 2498 1064 2635 prius
1083 2511 1176 2634 per
1199 2493 1426 2597 membra
1449 2520 1678 2601 senectus

358 2679 559 2817 Serpat,
585 2675 707 2775 etin
731 2672 876 2774 nobis
900 2674 1027 2774 vitai·
1046 2671 1264 2774 claustra
1280 2673 1508 2794 resolvat,
1616 2688 1621 2697 '

232 2976 235 2991 ἡ
359 2852 530 2975 Quam
553 2847 656 2950 tibi
669 2847 731 2947 de
758 2848 935 2986 quavis
961 2883 1139 2946 unare
1163 2843 1389 2946 versibus
1414 2849 1576 2948 omnis
1607 2865 1633 2891 ·’
1727 2883 1731 2890 ·

313 3082 316 3092 ·
358 3030 788 3164 Argumentorum
809 3021 873 3119 sit
891 3021 1035 3158 copia
1058 3022 1323 3160 missaper
1345 3023 1523 3122 aureis,

361 3200 463 3302 Sed
488 3234 624 3330 nune
642 3195 746 3332 jam
775 3212 1002 3330 repetam
1020 3214 1242 3330 coeptum
1275 3216 1542 3330 pertexere
1562 3196 1730 3298 'dictis
1797 3190 1817 3252 3

430 3370 627 3490 Omnis,
656 3390 714 3468 ut
731 3346 828 3488 est,
854 3367 1032 3505 igitur²
1054 3404 1147 3504 per
1171 3388 1247 3488 se,'
1265 3363 1461 3489 natura,
1490 3339 1688 3471 duabus
1748 3462 1753 3469 ,
1804 3396 1806 3403 ’

357 3548 600 3650 Consistit
623 3540 773 3642 rebus
783 3582 796 3665 ;
834 3578 951 3640 nam
977 3577 1187 3676 corpora
1212 3560 1350 3660 sunt*
1372 3543 1625 3666 etinauej·
1698 3557 1720 3577 ’“
1810 3550 1815 3562 ’

359 3723 488 3826 Haee
513 3722 565 3821 in
593 3756 696 3857 quo
721 3716 816 3816 sita
834 3735 968 3834 sunt,
995 3734 1047 3813 et
1072 3749 1174 3850 qua
1194 3711 1389 3813 diversa
1406 3733 1696 3818 moventur:
1800 3768 1811 3789 ⁸

361 3897 559 4033 Corpus
584 3894 720 3993 enim
745 3927 837 4026 per
861 3928 912 3990 se
939 3887 1217 3990 eommunis
1244 3885 1444 3987 dedicat
1468 3911 1593 3990 esse'
1654 3909 1666 3955 ’-
1807 3903 1816 3915 ’

346 4069 544 4172 Sensus
553 4107 567 4191 3
607 4102 709 4204 quo
734 4064 829 4163 nisi
856 4065 1019 4200 prima
1036 4062 1161 4163 fides
1187 4060 1401 4162 fundata
1423 4039 1626 4187 valebit
1753 4036 1781 4111 ¹·

184 4227 188 4236 ⁵
357 4244 513 4346 Haud
537 4242 634 4342 erit
650 4232 859 4340 occultis
885 4238 948 4337 de
966 4234 1117 4337 rebus
1144 4273 1246 4373 quo
1271 4234 1542 4338 referentes

356 4419 668 4522 Confirmare
687 4413 841 4513 animi
867 4411 1150 4551 quidquam
1175 4412 1367 4513 ratione
1393 4449 1653 4549 queamus

352 4596 485 4699 Tum
510 4632 662 4733 porro
686 4592 841 4706 loeus,
868 4624 926 4687 ao
951 4586 1187 4723 spatium,
1215 4585 1354 4725 quod
1379 4587 1528 4687 inane
1552 4626 1801 4713 vocamus,

355 4770 409 4871 Si
435 4770 633 4870 nullum
657 4765 802 4884 foret,
824 4759 961 4860 haud
985 4796 1200 4896 usquam
1226 4762 1320 4861 sita
1344 4798 1554 4898 corpora
1576 4765 1782 4899 possent

356 4944 493 5064 Esse,
519 4979 687 5082 neque
706 4938 910 5040 omnino
937 4972 1196 5073 quaquam
1222 4933 1416 5035 diversa
1433 4949 1620 5061 meare3

356 5118 419 5219 Id
439 5117 574 5256 quod
594 5116 700 5254 jam
728 5146 910 5248 supera
932 5107 1026 5208 tibi
1052 5111 1225 5247 paullo
1249 5109 1567 5211 ostendimus·
1581 5130 1734 5227 ante,¹

1070 5289 1117 5337 M
