4598 6112
744 532 1076 627 ,traua
1138 468 1543 633 carmus,
1839 526 1903 630 31
1997 492 1998 495 Ὗ

469 799 621 902 Adde
646 801 798 901 etiam
824 797 916 938 qui
941 796 1306 936 conduplicant
1328 798 1610 938 primordia
1633 838 1821 916 rernm.
1888 853 1892 862 ·
1931 814 1933 818 ’

397 975 536 1079 'Aera
552 975 830 1115 jungentes
856 973 979 1110 igni,
1007 995 1300 1114 terramque
1324 975 1548 1115 liquori3

401 1149 471 1252 Et
494 1153 586 1290 qui
613 1171 836 1292 quatuor
854 1188 920 1250 ex
944 1145 1098 1249 rebus
1123 1185 1269 1286 posse
1295 1151 1466 1253 omnia
1488 1173 1710 1272 rentur,
1751 1141 1754 1146 ⁸
1811 1158 1814 1274 s

400 1324 483 1430 Ex
507 1328 633 1466 igni,
660 1348 812 1445 terra,
839 1347 995 1464 atque
1021 1326 1190 1427 anima
1213 1366 1550 1465 procrescere,
1578 1350 1630 1429 et
1654 1326 1836 1430 imbri:

471 1498 705 1622 Quorum
720 1497 1095 1641 Acragantinus
1121 1497 1415 1643 cumprimis
1436 1501 1772 1643 Empedocles
1797 1501 1895 1630 est3

401 1674 576 1777 Insula
595 1713 749 1815 quem
774 1676 1037 1816 triquetris
1062 1697 1312 1779 terrarum
1332 1680 1488 1818 gessit
1511 1679 1564 1782 in
1589 1681 1721 1806 oris‘3
1802 1763 1805 1769 .
1867 1796 1871 1804 ,

402 1850 571 1974 Quam
599 1852 806 1952 fluitans
830 1853 1020 1952 circum
1047 1853 1246 1990 magnis
1272 1852 1602 1956 amfractibus
1621 1892 1801 1994 aequor
1837 1834 1841 1839 „

403 2023 605 2128 lonium
632 2025 825 2165 glaucis
851 2025 1114 2165 adspergit
1135 2029 1273 2129 virus
1299 2027 1363 2128 ab
1391 2031 1571 2155 undis3

399 2203 739 2342 Angustoque
766 2201 900 2302 fretu
925 2201 1162 2337 rapidum
1189 2239 1326 2302 mare
1353 2202 1536 2343 dividit
1559 2206 1713 2309 undis

399 2375 585 2486 AEoliae
608 2399 860 2482 terrarum
887 2413 998 2476 oras
1024 2414 1055 2476 a
1078 2374 1267 2477 finibus
1291 2376 1430 2515 ejus:
1565 2420 1569 2425 ·
1685 2386 1690 2428 ³

400 2550 502 2656 ch
527 2576 605 2693 est
627 2577 767 2656 vasta
795 2521 1102 2692 Charybdis,
1130 2574 1182 2653 et
1206 2551 1288 2656 hlc
1312 2553 1520 2657 AEtnaea
1544 2556 1806 2658 minantur
1886 2640 1893 2648 .

401 2724 674 2829 Murmura
699 2729 1015 2831 flammarum
1042 2767 1241 2830 rursum
1265 2768 1319 2831 se
1345 2731 1600 2870 conligere
1629 2731 1745 2851 iras,

403 2903 657 3006 Faucibus
682 2926 889 3042 eruptos
915 2906 1098 3005 iterum
1124 2927 1184 3005 ut
1208 2905 1282 3007 vis
1307 2928 1506 3008 evomat
1530 2906 1710 3045 igneis,
1735 2921 1737 2925 ’
1879 3004 1883 3015 .

399 3076 484 3181 Ad
511 3080 798 3219 coelumque
825 3079 954 3179 ferat
978 3080 1201 3180 flammai
1228 3077 1432 3217 fulgura
1456 3117 1687 3185 rursum:
1857 3082 1861 3089 ’

403 3253 538 3376 Quae
564 3294 718 3395 quom
748 3294 933 3395 magna
958 3256 1121 3358 modis
1146 3256 1319 3357 multis
1344 3254 1577 3357 miranda
1600 3255 1807 3381 videtur

405 3429 660 3536 Gentibus
679 3430 914 3532 humanis
939 3433 1097 3573 regio,
1119 3427 1436 3572 'visendaque
1461 3431 1640 3552 fertur,
1779 3430 1785 3443 ’

282 3733 288 3742 Ι
403 3604 578 3707 Rebus
604 3605 775 3743 opima
801 3603 964 3729 bonis,
992 3608 1154 3710 multa
1177 3609 1376 3710 munita
1399 3607 1564 3708 virdm
1589 3606 1669 3728 vi3

403 3777 498 3880 Nil
524 3800 692 3881 tamen
719 3777 816 3881 hoc
843 3777 1077 3885 babuisse
1102 3784 1212 3886 viro
1237 3779 1530 3922 praeclarius
1555 3780 1609 3878 in
1635 3816 1705 3896 se,

405 3952 457 4057 N
461 3993 518 4056 ec
543 3976 775 4068 sanctum
801 3957 976 4094 magia,
1004 3979 1056 4056 et
1081 3957 1283 4076 mirum,
1311 3990 1589 4093 carumque
1612 3952 1833 4055 videtur.

405 4127 645 4273 Carmina
661 4130 795 4267 quin
823 4132 976 4232 etiam
1002 4131 1160 4234 divini
1183 4131 1402 4270 pectoris
1427 4131 1535 4269 ejus
1592 4163 1610 4238 f

399 4304 777 4431 Vociferantur,
803 4328 855 4406 et
879 4328 1145 4444 exponunt
1168 4305 1414 4444 praeclara
1437 4325 1662 4442 reperta3

402 4480 483 4588 Ut·
501 4482 589 4585 vix
613 4479 837 4583 humana
860 4481 1094 4584 videatur
1118 4482 1287 4621 stirpe
1301 4501 1513 4584 creatus.

472 4656 575 4776 Hic
599 4679 786 4780 tamen,
814 4680 867 4759 et
890 4693 1075 4795 supera
1100 4692 1229 4794 quos
1255 4655 1492 4777 diximus,
1519 4654 1781 4757 inferiores

402 4830 641 4968 Partibus
666 4833 870 4972 egregie
893 4830 1082 4951 multis,
1110 4828 1374 4967 multoque
1399 4829 1634 4947 minores,

308 5099 319 5117 .
404 5004 732 5148 Quanquam,
759 5006 920 5107 multa
943 5002 1075 5105 bene
1100 5041 1158 5106 ac
1184 5000 1426 5104 divinitus
1450 5003 1781 5126 invenientes,

403 5179 487 5289 Ex
505 5180 670 5324 ⁶adyto
692 5202 939 5321 tanquam
959 5177 1124 5280 cordis
1148 5214 1389 5318 respousa
1411 5178 1598 5283 dedere

541 5330 560 5365 .
