4598 6112
796 569 1073 681 LIBER
1136 571 1485 672 SEXTUS.
1793 579 1891 690 971

401 825 775 967 Quamcunque
801 829 1018 968 arripuit
1040 856 1255 968 partem,
1282 839 1522 978 repitque
1548 877 1650 977 per,
1667 864 1820 945 artus.

399 1006 677 1129 Nimirum,
706 1011 828 1150 quia
854 1032 974 1111 sunt
997 1010 1272 1111 multarum
1298 1015 1489 1115 semina
1512 1052 1714 1117 rerumz

398 1181 469 1283 Et
494 1183 611 1284 satis
635 1182 745 1284 baec
769 1185 921 1285 tellus
944 1184 1095 1286 nobis
1121 1185 1411 1325 coelumque
1437 1188 1557 1287 mali
1582 1187 1698 1310 fert,

397 1355 552 1459 Unde
579 1381 736 1497 queat
758 1359 832 1458 vis
856 1360 1087 1460 immensi
1112 1398 1431 1498 procrescere
1457 1336 1639 1466 morbi.

398 1530 481 1633 Sic
508 1533 665 1670 igitur
687 1533 786 1631 toti
811 1533 953 1654 ecclc,
980 1557 1234 1673 terraeque
1260 1538 1551 1672 putandum
1576 1562 1653 1639 est

398 1703 480 1806 Ex
503 1690 705 1806 infinito
731 1707 849 1806 satis
874 1708 1043 1808 omnia
1068 1709 1411 1847 suppeditare,

396 1879 550 1984 Unde
577 1903 786 2019 repente
814 1905 970 2021 queat
992 1882 1143 1983 tellus
1169 1922 1408 1984 concussa
1432 1864 1639 2008 moveri,

398 2055 601 2195 Perque
628 2092 762 2155 mare
789 2077 841 2155 et
865 2079 1023 2156 terras
1049 2057 1261 2197 rapidus
1287 2096 1584 2194 percurrere
1607 2061 1777 2183 turbo,

397 2229 539 2370 Ignis
565 2228 825 2330 abundare
850 2228 1101 2353 AEtnaeus‚
1127 2234 1467 2334 flammescere
1493 2236 1691 2338 coelum.

397 2406 461 2509 ld
488 2443 694 2547 quoque
720 2405 855 2504 enim
881 2404 955 2525 fit,
983 2429 1034 2506 et
1059 2406 1329 2507 ardescunt
1353 2407 1571 2509 eoelestia
1595 2411 1802 2549 templa,

395 2581 472 2686 Ut
495 2602 819 2717 tempestates
843 2579 1033 2716 pluviae
1059 2582 1287 2718 graviore
1313 2604 1488 2682 coortu

398 2758 545 2878 Sunt,
573 2755 660 2855 ubi
687 2754 817 2854 forte
842 2756 913 2853 ita
937 2753 1297 2855 setetulerunt
1322 2757 1513 2858 semina
1535 2794 1807 2896 aquarum.

466 2932 538 3032 At
562 2933 710 3030 nimis
736 2952 812 3028 est
835 2930 1015 3065 ingens
1041 2929 1244 3029 incendl
1267 2929 1505 3032 turbidus
1532 2933 1698 3034 ardor.

399 3107 617 3225 Scilicet,
645 3126 697 3203 et
720 3103 922 3223 fluvius,
951 3104 1217 3241 quivistis,
1246 3106 1504 3206 maximus
1520 3107 1583 3246 eji

398 3283 503 3404 Qui
529 3319 631 3380 non
657 3300 775 3378 ante
801 3279 1024 3418 aliquem
1050 3280 1290 3418 majorem
1315 3278 1472 3381 vidit:
1513 3303 1565 3379 ct
1588 3280 1770 3419 ingens

395 3458 580 3578 Arbor,
607 3454 861 3592 homoque
886 3453 1088 3554 videtur
1102 3491 1116 3576 3
1162 3475 1213 3552 et
1237 3454 1407 3552 omnia
1433 3453 1497 3552 de
1522 3457 1709 3592 genere
1736 3456 1874 3556 omni

399 3630 627 3734 Maxima
655 3666 772 3764 quae
797 3626 927 3726 vidit
952 3629 1187 3766 quisque,
1214 3625 1324 3727 haec
1350 3628 1578 3765 ingentia
1605 3627 1781 3765 fingit:

397 3804 566 3925 Quom
592 3825 761 3901 tamen
786 3802 954 3900 omnia
978 3839 1093 3900 cum
1120 3800 1260 3920 coelo,
1287 3821 1541 3940 terraque,
1567 3801 1797 3937 marique

398 3978 491 4084 Nil
519 3980 619 4080 sint
643 3976 708 4076 ad
734 4012 978 4075 summam
1004 3981 1220 4075 summai
1245 3977 1400 4075 totius
1425 3998 1642 4075 ornnem.

467 4152 624 4254 Nunc
648 4175 834 4270 tamen,
862 4148 949 4248 illa
974 4147 1136 4248 modis
1163 4147 1351 4287 quibus
1378 4149 1581 4247 inritata
1604 4172 1818 4287 repente

398 4330 624 4431 Flamma
647 4326 779 4425 foras
803 4326 954 4426 vastis
980 4323 1153 4423 AEtnae
1178 4321 1468 4424 fornacibus
1495 4324 1649 4444 efflet,

393 4503 700 4642 'Expediam
770 4497 999 4601 Primum
1025 4501 1180 4600 totius
1207 4495 1424 4599 subcava
1448 4501 1635 4597 montis

397 4676 492 4779 Est
516 4698 713 4793 natura,
741 4672 844 4773 fere
870 4675 1066 4775 silicum
1092 4672 1299 4776 suffulta
1323 4673 1574 4811 cavernis3

397 4850 652 4954 Omnibus
677 4869 753 4949 est
774 4885 926 4985 porro
951 4848 1004 4946 in
1028 4847 1282 4984 speluncis
1306 4846 1486 4948 ventus
1511 4865 1563 4942 et
1586 4846 1700 4944 aeri

394 5025 594 5128 Ventus
619 5023 754 5122 enim
777 5021 853 5142 fit,
880 5020 969 5121 ubi
995 5043 1071 5123 est
1096 5018 1335 5159 agitando
1358 5017 1581 5156 percitus
1606 5018 1707 5119 aar.

398 5199 499 5305 Hic
525 5199 614 5301 ubi
637 5196 902 5339 percaluit,
929 5194 1256 5335 calefecitque
1282 5194 1451 5295 omnia
1475 5192 1665 5293 circum
