4598 6112
740 542 1012 645 LIBER
1071 543 1418 637 SEXTUS.
1757 544 1855 645 aul

359 798 527 941 Ipsius
554 802 647 941 reji
673 804 925 906 rationem
951 803 1166 906 reddere
1191 808 1381 946 possis:

356 980 428 1083 Et
452 984 664 1084 nimium
692 984 858 1124 longis
884 984 1185 1125 ambagibus
1211 1008 1288 1086 est
1312 984 1637 1106 adeundum

320 1160 322 1165 ’
358 1156 477 1277 Quo
504 1160 664 1296 magis
689 1180 906 1262 attentas
932 1162 1114 1280 aureis,
1142 1160 1473 1300 animumque
1499 1195 1723 1301 reposco,

427 1333 704 1471 Principio,
733 1335 970 1437 omnibus
996 1374 1025 1435 a
1049 1332 1219 1455 ,rebus
1248 1373 1582 1474 quascunque
1607 1338 1853 1462 videmus,

355 1507 612 1647 Perpetuo
638 1513 815 1631 fluere,
844 1549 901 1612 ae
928 1512 1076 1631 mitti,
1104 1511 1380 1649 spargique
1407 1549 1610 1613 necesse
1636 1537 1712 1615 est
1840 1558 1850 1577 ‘

358 1681 602 1822 Corpora,
631 1721 749 1822 quae
775 1685 961 1786 feriant
983 1686 1172 1806 oeulos,
1198 1687 1467 1827 visumque
1492 1688 1767 1792 lacessant:

355 1855 716 1997 Perpetuoque
742 1861 912 1961 fluunt
936 1863 1085 1960 certis
1111 1860 1176 1961 ab
1200 1861 1353 1963 rebus
1379 1863 1575 1982 odores,
1655 1830 1660 1840 .

359 2034 544 2176 Frigus
570 2060 629 2137 ut
654 2077 683 2138 a
708 2039 893 2159 fluviis,
921 2040 1056 2140 calor
1080 2077 1111 2139 a
1136 2037 1256 2159 sole,
1285 2061 1437 2138 aestus
1462 2037 1526 2138 ab
1552 2038 1703 2140 undis

356 2210 603 2352 AEquoris
629 2253 807 2316 exesor
834 2253 1106 2317 moerorum
1131 2214 1304 2314 littora
1327 2236 1568 2352 propter3

359 2384 475 2488 Neo
494 2390 619 2489 varii
646 2412 843 2490 cessant
868 2392 1061 2493 sonitus
1086 2429 1290 2491 manare
1316 2428 1410 2529 per
1434 2428 1610 2493 aures:

254 2663 256 2669 .
357 2559 601 2703 Denique
628 2566 680 2665 in
708 2604 763 2665 os
790 2566 905 2666 salsi
929 2568 1070 2667 venit
1094 2564 1279 2666 humor
1303 2603 1438 2703 saepe
1464 2567 1671 2704 saporis,

359 2736 532 2857 Quom
557 2777 695 2840 mare
721 2778 981 2841 versamur
1004 2764 1245 2881 propter;
1284 2741 1551 2878 dilutaque
1575 2765 1753 2845 contra

357 2911 530 3032 Quom
556 2915 750 3015 tuimur
777 2917 974 3017 misceri
1001 2915 1276 3037 absinthia,
1297 2917 1463 3054 tangit
1488 2955 1700 3020 amaror.

355 3086 670 3227 Usqueadeo
695 3090 931 3192 omnibus
958 3089 1022 3191 ab
1050 3091 1201 3192 rebus
1225 3130 1306 3193 res
1333 3130 1554 3232 quaeque
1580 3096 1805 3200 fluenter

357 3263 555 3384 Fertur,
582 3289 635 3366 et
658 3267 712 3367 in
739 3250 946 3370 ¹cunetas
973 3267 1248 3367 dimittitur
1272 3267 1505 3406 undique
1531 3272 1748 3406 parteis:

357 3441 411 3545 N
416 3481 472 3544 eo
498 3481 656 3563 mora,
684 3482 777 3544 neo
801 3446 1005 3582 requies
1031 3445 1166 3544 inter
1191 3441 1344 3542 datur
1369 3442 1473 3573 ulla
1496 3445 1709 3566 fluendi,

280 3755 282 3759 Ι
357 3617 616 3759 Perpetuo
644 3621 887 3758 quoniam
912 3621 1173 3737 sentimus
1202 3640 1254 3717 et
1279 3618 1450 3718 omnia
1475 3657 1675 3759 semper

329 3819 333 3827 '
359 3793 598 3918 Cernere,
626 3795 826 3897 odorari
851 3798 986 3915 licet,
1015 3816 1066 3893 et
1092 3795 1276 3894 sentire
1303 3831 1549 3894 sonorem.
1597 3814 1601 3821 '

428 3973 586 4076 Nunc
613 4011 788 4074 omnes
807 3991 1034 4108 repetam
1056 4006 1209 4108 quam
1236 4005 1349 4068 raro
1374 4007 1584 4106 corpore
1610 3971 1711 4071 sint
1735 4011 1830 4097 res,

332 4218 334 4222 -
361 4147 787 4269 Commemorare,
800 4147 936 4286 quod
955 4149 1008 4247 in
1025 4148 1190 4285 primo
1207 4183 1416 4285 quoque
1432 4146 1654 4246 carmine
1674 4147 1852 4251 claret:

359 4323 570 4465 Quippe
588 4327 793 4447 etenim,
811 4361 1124 4466 quamquam
1142 4321 1327 4421 multas
1342 4318 1439 4420 hoo
1453 4323 1678 4457 pertinet
1691 4325 1753 4425 ad
1774 4364 1855 4433 res

359 4499 603 4621 Noscere,
632 4500 949 4638 cumprimis
975 4498 1106 4599 hanc
1132 4496 1197 4597 ad
1223 4530 1330 4595 rem
1356 4496 1589 4633 protinus
1614 4499 1793 4635 ipsam,

359 4676 479 4799 Qua
505 4679 568 4779 de
597 4677 839 4787 disserere
865 4677 1152 4816 adgredior,
1179 4672 1380 4772 firmare
1406 4709 1607 4773 necesse
1633 4696 1726 4795 est,
1872 4709 1876 4712 ·

361 4851 456 4956 Nil
482 4891 587 4955 esse
614 4855 666 4954 in
692 4875 954 4991 promptu,
981 4852 1076 4950 nisi
1102 4849 1307 4949 mistum
1333 4885 1517 4985 corpus
1542 4849 1696 4957 inani.

430 5026 689 5165 Principio
715 5028 789 5150 fit,
816 5028 953 5127 utin
980 5024 1233 5164 speluncis
1259 5060 1379 5123 saxa
1404 5061 1626 5161 superna

361 5204 562 5308 Sudent
586 5202 816 5328 humore,
844 5225 896 5305 et
919 5203 1080 5344 guttis
1106 5197 1429 5303 manantibus
1454 5201 1677 5309 stillent:

1088 5384 1105 5434 2
1117 5389 1135 5431 P
