4598 6112
779 537 1053 626 LIBER
1118 531 1544 628 QUARTUS.
1802 526 1896 625 145

396 789 467 893 Et
492 795 635 933 quasi
660 833 958 932 permanare
985 832 1078 932 per
1101 794 1229 895 aeris
1253 794 1593 896 intervallum.

465 967 734 1091 Praeterea,
761 973 818 1092 si,
847 1009 964 1109 quae
989 971 1194 1107 penitus
1220 969 1525 1106 corpuscula
1552 1007 1723 1071 rerum

352 1166 359 1177 '
397 1141 478 1244 Ex
503 1145 606 1244 alto
631 1147 684 1250 iu
709 1147 1182 1264 terrasmittuntur,
1209 1145 1325 1244 solis
1352 1145 1427 1244 uti
1454 1144 1546 1243 lux

394 1317 471 1418 Ac
496 1357 667 1456 vapor,
695 1319 805 1423 haee
830 1342 1022 1459 puncto
1047 1341 1327 1419 cernuntur
1350 1318 1492 1455 lapsa
1517 1318 1620 1419 diei

397 1489 498 1592 Per
522 1496 823 1598 totumeoeli
849 1496 1071 1633 spatium
1098 1491 1385 1632 diffundere
1412 1529 1548 1616 sese3
1593 1586 1600 1595 .

395 1664 599 1807 Perque
624 1643 792 1803 tulare
818 1707 972 1790 mare,
999 1706 1056 1769 ae
1081 1691 1254 1789 terras,
1283 1667 1569 1805 eoelumque
1594 1668 1760 1804 rigare

366 1882 377 1899 ·
399 1842 554 1963 Quod
572 1882 752 1982 supera
769 1867 866 1967 est3
886 1840 1096 1944 ubitam
1112 1841 1894 1946 volucrihaeelevitateferuntur:

398 2017 573 2142 Quid?
612 2057 728 2158 quae
754 2041 874 2118 sunt
895 2019 1055 2157 igitur
1070 2017 1179 2156 jam
1204 2019 1370 2156 prima
1395 2018 1448 2116 iu
1473 2015 1639 2117 fronte
1664 2041 1842 2156 parata

399 2192 529 2295 Cum
549 2194 828 2330 jaciuntur,
856 2218 908 2294 et
932 2196 1169 2341 emissum
1194 2230 1273 2291 res
1299 2192 1440 2292 nulla
1466 2215 1708 2315 moratur,

405 2341 594 2469 Nonne
619 2369 760 2469 vides
784 2369 931 2469 eitius
957 2366 1159 2486 debere,
1187 2388 1240 2466 et
1262 2366 1465 2505 longius
1489 2368 1592 2467 ire:

399 2540 784 2682 Multiplexque
809 2543 907 2644 loci
934 2543 1155 2680 spatium
1179 2565 1523 2643 transcurrere
1549 2544 1734 2646 eodem

396 2717 667 2857 Tempore,
695 2754 800 2855 qun
827 2718 943 2818 solis
966 2716 1268 2855 pervolgant
1292 2715 1486 2817 lumina
1510 2718 1725 2822 coeluml

469 2892 583 2995 Hoe
608 2896 760 2993 etiam
786 2893 837 2992 iu
863 2891 1039 3030 primis
1063 2892 1320 3028 specimen
1346 2929 1524 2993 verum
1549 2931 1655 2994 esse
1681 2895 1899 3023 videtur,

401 3068 571 3189 Quam
599 3069 748 3169 celeri
774 3090 914 3167 motu
939 3104 1110 3165 rerum
1136 3065 1401 3166 simulacra
1429 3064 1672 3189 ferantur,

402 3243 558 3364 Quod
586 3244 734 3345 simul
761 3281 818 3344 ae
841 3241 1065 3380 primum
1092 3238 1186 3373 sub
1214 3241 1329 3342 divo
1355 3242 1596 3380 splendor
1621 3255 1774 3386 aquai

400 3417 630 3538 Ponitur,
658 3416 932 3553 extempl0,
960 3415 1086 3516 eoelo
1111 3415 1359 3536 stellante,
1388 3455 1564 3519 serena

402 3592 582 3694 Sidera
606 3590 917 3728 respondent
941 3590 993 3690 in
1020 3626 1155 3727 aqua
1179 3588 1428 3691 radiantia
1452 3595 1647 3698 mundi.

398 3766 432 3871 J
436 3805 583 3899 amne
609 3765 748 3885 vides
775 3766 947 3902 igitur,
975 3802 1131 3905 quam
1156 3787 1348 3901 puncto
1374 3788 1603 3905 tempore
1630 3771 1798 3913 imago
1824 3858 1825 3862 i

401 3941 630 4046 AEtheris
655 3926 719 4041 ex
744 3941 844 4039 oris
870 3939 933 4039 ad
960 3963 1211 4041 terrarum
1239 3940 1435 4043 accidat
1459 3948 1602 4047 oras?

417 4156 419 4160 ·
456 4116 630 4237 Quare
643 4116 793 4216 etiam
804 4137 959 4253 atque
972 4114 1125 4216 etiam
1137 4113 1585 4220 mittihaeefateare
1599 4086 1804 4226 neeesse
1824 4149 1901 4228 est

405 4293 648 4430 Corpora,
676 4329 793 4429 quae
817 4287 1001 4389 feriant
1026 4289 1215 4408 oculos,
1242 4290 1509 4431 visumque
1534 4295 1809 4419 lacessantr

403 4468 763 4606 Perpetuoque
790 4465 959 4565 fluunt
984 4464 1131 4564 certis
1157 4461 1221 4600 ab
1247 4462 1400 4566 rebus
1425 4468 1635 4597 odores;

402 4612 584 4784 Frigus
609 4663 670 4742 ut
694 4680 724 4749 a
748 4638 931 4758 fluviis,
959 4639 1095 4739 calor
1120 4676 1149 4738 a
1173 4640 1293 4762 sole,
1320 4665 1474 4745 aestus
1499 4644 1563 4746 ab
1590 4649 1740 4751 undis
1821 4610 1826 4621 .

402 4818 662 4958 AEquoris,
690 4851 867 4921 exesor
891 4850 1160 4912 moerorum
1186 4814 1335 4916 litora
1359 4820 1548 4920 circum
1568 4862 1578 4922 :

401 4990 692 5099 Neo-variae
718 5008 913 5089 cessant
933 5024 1079 5088 voees
1106 4987 1312 5089 volitare
1336 5029 1430 5128 per
1454 5032 1629 5100 auras:

403 5168 645 5306 Denique
671 5165 723 5265 in
745 5200 802 5263 os
829 5163 942 5279 salsi
967 5163 1106 5265 venit
1125 5165 1310 5266 humor
1334 5206 1469 5309 saepe
1494 5176 1702 5314 saporis,
1821 5308 1829 5322 ι

1136 5350 1158 5392 U
