4598 6112
780 542 1059 637 LIBER
1122 545 1473 640 SEXTUS·
1767 552 1868 648 283

322 817 323 820 ‘
371 805 678 946 Barbigeras
702 807 919 909 oleaster
943 848 1003 911 eo
1020 809 1355 950 juratusque
1380 814 1615 951 capellas,
1761 928 1768 939 ,

371 981 588 1084 Diffluat
612 982 865 1084 ambrosia
890 989 1035 1124 quasi
1060 1024 1180 1089 vero
1205 1011 1259 1087 et
1282 1010 1484 1089 nectare
1509 991 1729 1094 tinctus:

366 1162 441 1262 At
464 1161 593 1262 nihil
620 1186 696 1263 est
720 1162 915 1263 homini
935 1163 1121 1265 frunde
1148 1159 1243 1263 hac
1264 1162 1403 1300 quod
1424 1167 1641 1268 amarius
1667 1189 1848 1273 exstet.

370 1317 620 1478 Denique·
642 1341 984 1442 amaracinum
1011 1338 1199 1476 fugitat
1224 1375 1324 1459 sus,
1353 1362 1405 1439 et
1429 1341 1575 1441 timet
1599 1355 1750 1445 omne
1859 1356 1862 1368 ’

367 1513 740 1656 Unguentum3
769 1553 902 1625 nam,
926 1515 1155 1654 setigeris
1181 1513 1339 1616 subus
1364 1552 1479 1616 acre
1496 1555 1750 1619 venenum
1775 1542 1867 1641 est,

372 1693 528 1817 Quod
553 1733 646 1797 nos
670 1694 932 1796 interdum
957 1717 1203 1833 tanquam
1228 1729 1454 1793 recreare
1471 1692 1690 1798 videtur.

366 1872 441 1974 At
464 1894 640 1973 contra
665 1869 811 1972 nobis
837 1908 1038 1972 coenum
1064 1871 1322 1971 teterrima
1342 1908 1499 2010 quom
1525 1872 1590 1972 sit

370 2044 668 2183 Spurcities,
694 2044 873 2144 eadem
898 2042 1055 2144 subus
1083 2042 1191 2146 haec
1215 2082 1295 2144 res
1322 2046 1517 2146 munda
1541 2047 1760 2171 videtur,

368 2217 733 2324 Insatiabiliter
758 2221 849 2321 toti
878 2242 939 2320 ut
963 2218 1232 2322 volvantur
1256 2221 1465 2324 ibidem.

439 2395 557 2506 Hoc
582 2398 735 2497 etiam
760 2416 1009 2534 superest,
1037 2396 1148 2531 ipsa
1173 2434 1329 2536 quam
1355 2396 1523 2498 dicere
1551 2397 1614 2498 de
1640 2435 1695 2499 re

369 2569 677 2710 Adgredior,
706 2572 848 2711 quod
874 2570 1146 2672 dicendum
1173 2572 1316 2709 prius
1341 2542 1448 2671 esse
1472 2574 1693 2676 videtur.

371 2743 544 2849 Multa
568 2747 815 2847 foramina
841 2785 999 2885 quom
1023 2746 1174 2848 variis
1199 2745 1300 2846 sint
1323 2745 1525 2848 reddita
1549 2747 1722 2871 rebus,

373 2919 621 3023 Dissimili
640 2926 773 3023 inter
798 2961 850 3023 se
875 2946 1061 3024 natura
1085 2920 1305 3059 praedita
1331 2920 1522 3023 debent

371 3096 512 3222 Esse,
540 3121 591 3199 et
616 3097 803 3199 habere
829 3135 971 3198 suam
997 3122 1227 3198 naturam
1257 3133 1497 3235 quaeque,
1522 3098 1750 3238 viasque.

372 3273 583 3414 Quippe
608 3273 797 3374 etenim
814 3273 941 3373 varii
968 3311 1144 3375 sensus
1169 3271 1512 3376 animantibus
1537 3274 1729 3395 insunt,

373 3447 610 3571 Quorum
638 3448 860 3586 quisque
887 3484 1028 3548 suam
1053 3449 1259 3586 proprie
1285 3480 1392 3549 rem
1418 3451 1638 3588 percipit
1663 3452 1715 3552 in
1741 3488 1824 3554 se:

372 3625 510 3728 Nam
537 3646 803 3763 penetrare
830 3624 929 3726 alia
954 3626 1165 3746 sonitus,
1194 3626 1395 3765 aliaque
1422 3665 1653 3765 saporem
1923 3605 1924 3608 Ν

244 3774 248 3780 ⁴
373 3805 642 3909 Cernimus
667 3843 696 3904 e
722 3804 899 3914 succis,
926 3802 1025 3903 alia
1050 3802 1242 3903 nidoris
1267 3803 1463 3922 odores,

375 3981 591 4120 Propter
616 3978 908 4080 dissimilem
936 3999 1188 4099 naturam,
1214 4001 1460 4118 textaque
1477 4017 1674 4081 rerum.

371 4156 628 4259 Praeterea
653 4192 858 4255 manare
885 4154 1027 4254 aliud
1052 4193 1145 4292 per
1170 4194 1291 4258 saxa
1314 4152 1531 4275 videtur,

369 4331 546 4472 Atque
573 4328 713 4430 aliud
737 4365 830 4464 per
854 4327 1009 4466 ligna,
1038 4330 1179 4431 aliud
1204 4331 1416 4432 transire
1442 4368 1536 4470 per
1560 4369 1757 4452 aurum,
1825 4339 1828 4351 '

367 4510 542 4649 Argen
552 4533 704 4648 toque
729 4506 862 4606 foras
888 4505 1044 4626 aliud,
1071 4509 1307 4647 vitroque
1333 4547 1517 4609 meare.

370 4682 511 4789 Nam
536 4686 697 4785 fluere
723 4682 818 4784 hac
844 4683 1051 4820 species,
1077 4683 1194 4784 illac
1221 4684 1356 4784 calor
1381 4685 1453 4784 ire
1478 4684 1709 4809 videtur;

367 4859 545 5000 Atque
571 4858 679 4959 aliis
704 4858 844 4957 aliud
869 4857 1016 4956 citius
1040 4859 1382 4967 transmittere
1408 4859 1614 4961 eadem:

370 5035 576 5139 Scilicet
599 5035 652 5136 id
679 5034 786 5135 fieri
814 5035 951 5173 cogit
974 5058 1157 5137 natura
1181 5036 1393 5156 viarum,
1503 5008 1509 5026 ¹

371 5210 694 5315 Multimodis
718 5212 933 5338 varians,
959 5235 1020 5314 ut
1040 5212 1216 5352 paullo
1243 5211 1556 5315 ostendimus
1582 5232 1722 5313 ante·
1793 5241 1801 5271 ’

1083 5391 1099 5441 2
1109 5397 1128 5440 t>
1139 5391 1156 5441 2
