4598 6112
662 518 665 522 ’
761 536 1437 633 niune-sumus.
1505 554 1522 571 ¹·
1773 535 1949 642 sorr

377 788 582 930 Arguit,
609 816 660 895 et
683 796 933 935 liquidam
960 797 1161 916 molem,
1187 836 1496 939 camposque
1521 808 1785 909 natantes!

450 944 785 1090 PraetereaJsi
809 972 921 1072 vult
943 1009 1207 1075 caveamus
1233 975 1459 1079 fulminis
1484 981 1660 1100 ictum,

380 1139 488 1243 Cur
514 1144 716 1247 dubitat
739 1145 903 1248 facere
929 1170 988 1252 ut
1012 1150 1262 1283 possimus
1288 1188 1493 1252 cernere
1513 1134 1759 1258 missum?

378 1315 432 1416 Si
460 1321 857 1458 neo-opinanteis
882 1343 1052 1421 autem
1078 1322 1187 1440 vult
1211 1324 1501 1461 opprimere
1525 1327 1652 1465 igni,

379 1488 489 1593 Cur
512 1517 657 1594 tonat
680 1533 742 1596 ex
769 1494 857 1595 illa
880 1516 1043 1633 parte,
1069 1517 1131 1595 ut
1150 1497 1310 1598 vitare
1336 1506 1614 1637 queamus?

379 1663 487 1768 Cur
510 1668 745 1770 tenebras
770 1691 902 1792 aute,
929 1680 981 1770 et
1006 1668 1250 1792 fremitus,
1278 1695 1332 1774 et
1355 1649 1616 1778 murmura
1641 1680 1838 1780 concitl

447 1839 516 1940 Et
541 1843 689 1942 simul
715 1843 766 1943 in
792 1843 976 1951 multas
1002 1847 1190 1980 parteis
1212 1849 1305 1986 qui
1332 1850 1538 1950 credere
1563 1852 1724 1988 possis

376 2013 617 2119 Mittere?
654 2019 738 2120 An
763 2018 858 2121 hoo
883 2020 1016 2120 ausis
1042 2014 1317 2162 nunquam·
1332 2025 1637 2126 contendere
1661 2025 1869 2150 factum,

375 2189 452 2294 Ut
477 2194 659 2297 fierent
683 2198 813 2299 ictus
838 2236 943 2299 uno
970 2197 1065 2301 sub
1090 2221 1319 2335 tempore
1343 2199 1550 2334 plures?
1626 2256 1628 2260 ν

374 2368 448 2469 At
474 2408 608 2508 saepe
634 2393 710 2472 est
723 2411 947 2475 numero
973 2373 1179 2493 factum,
1205 2373 1419 2511 fierique
1446 2411 1646 2475 necesse
1672 2400 1764 2499 est,

376 2540 453 2646 Ut
477 2547 653 2683 pluere
679 2548 732 2648 in
758 2550 936 2676 multis
954 2546 1263 2687 regionibus,
1291 2571 1343 2647 et
1367 2548 1550 2649 cadere
1570 2549 1793 2673 imbreis,

376 2718 614 2822 Fulmina
638 2723 708 2824 sio
735 2761 836 2824 uno
862 2722 968 2823 fieri
998 2721 1094 2822 sub
1119 2743 1348 2858 tempore
1374 2723 1550 2826 multa.
1643 2857 1645 2861 Ι

446 2895 722 3018 Postremo,
747 2936 842 3006 cur
865 2919 1035 2998 sancta
1061 2896 1214 2997 debui
1241 2895 1472 3018 delubra,
1498 2935 1719 3036 suesque

376 3069 603 3172 Discutit
626 3072 811 3172 infesto
835 3071 1104 3210 praeclaras
1128 3067 1343 3169 fulmine
1359 3069 1512 3170 sedes
1527 3110 1553 3193 3.
1613 3154 1616 3159 4

375 3242 445 3345 Et
470 3245 600 3347 bene
627 3245 761 3347 facte
785 3246 937 3346 debm
964 3242 1157 3382 frangit
1181 3242 1476 3345 simulacra!
1515 3245 1725 3383 suisque

376 3418 555 3523 Demit
579 3419 898 3560 imaginibus
913 3420 1134 3521 violento
1152 3419 1356 3520 voluere
1381 3417 1657 3520 honorem?

372 3594 597 3733 Altaque
624 3598 716 3694 cu'r
740 3593 1045 3729 plerumque
1064 3592 1195 3730 petit
1212 3593 1345 3693 local
1372 3594 1695 3733 plurimaque
1715 3590 1870 3731 hujus

374 3766 647 3871 Montibus
668 3770 724 3873 in
751 3769 959 3877 summis
982 3768 1194 3906 vestigia
1219 3769 1470 3870 cernimus
1494 3768 1658 3904 ignis?
1688 3893 1690 3896 θ

445 3942 599 4063 Quod
628 3965 874 4081 superest,
901 3940 1048 4043 facile
1074 3965 1149 4043 est
1174 3981 1240 4042 ex
1264 3941 1343 4042 his
1367 3979 1668 4079 cognoscere
1692 3938 1874 4061 rebusf

372 4115 616 4256 Hermipuc
642 4113 784 4218 Graii
810 4155 940 4256 quos
964 4113 1030 4215 ab
1055 4154 1109 4217 re
1134 4121 1516 4239 nominitbrunt,
1554 4219 1558 4230 ,
1882 4085 1886 4091 ¹

373 4292 434 4395 In
462 4332 599 4396 mere
626 4331 729 4432 qua
755 4293 889 4393 missi
914 4293 1119 4393 veniant
1142 4294 1336 4394 ratione
1362 4330 1598 4431 superne.
1734 4362 1747 4383 ·

322 4512 338 4541 ·
374 4466 513 4571 Nam
539 4468 614 4588 fit,
640 4490 701 4569 ut
723 4465 980 4571 interdum
1003 4487 1253 4606 tanquam
1275 4464 1492 4569 ‘demissa
1514 4466 1752 4569 columna
1812 4542 1818 4552 -

287 4645 289 4650 ’
372 4640 436 4745 In
461 4680 598 4745 mare
625 4642 689 4743 de
714 4642 841 4744 coelo
869 4641 1158 4762 descendat,
1185 4679 1341 4780 quam
1365 4640 1496 4742 freta
1517 4643 1709 4742 circum
1840 4732 1849 4738 .

371 4815 679 4920 Fervesount
703 4816 923 4955 graviter
945 4815 1254 4954 spirantibus
1278 4818 1433 4919 incita
1457 4813 1657 4916 flabris:
1826 4910 1829 4914 Α

359 4993 442 5097 Et
467 5007 790 5134 quaecunque
814 4995 868 5094 in
893 5029 961 5094 eo·
976 5015 1089 5095 tum
1113 4978 1508 5128 sunt'tleprensa
1530 4989 1760 5102 tumultu

369 5167 426 5279 N
430 5170 611 5312 avigie‚·
635 5170 690 5274 in
715 5205 968 5317 summum
996 5168 1204 5274 veniunt
1226 5187 1407 5271 vexata
1426 5164 1699 5312 periclum⁸¹
1812 5250 1815 5255 .
