4620 6106
542 484 587 577 8·
868 485 929 574 T.
996 479 1415 573 LUCRETII
1480 483 1693 575 CARI

546 744 750 860 Detulit
775 782 840 844 ex
867 738 1113 843 Helicone
1138 743 1351 879 perenni
1376 739 1560 842 fronde
1586 781 1840 866 coronam,

544 917 645 1021 Per
668 917 865 1057 genteis
891 910 1044 1014 Italas
1068 911 1330 1015 hominum
1357 898 1474 1054 quae
1500 915 1635 1016 clara
1659 918 1865 1020 clueret.
1988 990 1992 999 »

546 1092 657 1195 Etsi
681 1113 930 1230 praeterea
954 1110 1125 1187 tamen
1150 1125 1256 1188 esse
1281 1085 1560 1189 Acherusia
1583 1090 1776 1226 templa

544 1265 743 1367 Ennius
768 1263 969 1365 aeternis
994 1265 1206 1399 exponit
1223 1260 1464 1382 versibus,
1493 1263 1663 1382 edens,

546 1439 666 1562 Quo
690 1479 857 1579 neque
881 1457 1183 1577 permanent
1207 1436 1386 1537 animae
1405 1475 1573 1576 neque
1600 1476 1812 1576 corpora
1829 1460 2015 1562 nostra,
2069 1453 2071 1457 ’

547 1613 651 1716 Sed
678 1614 914 1753 quaedam
940 1609 1205 1712 simulacra
1226 1609 1389 1709 modis
1408 1610 1651 1746 pallentia
1676 1615 1844 1740 miris;

546 1786 702 1890 Unde
728 1785 823 1887 sibi
848 1807 1072 1886 exortam
1102 1782 1544 1916 semper-florentis
1572 1783 1784 1887 Homeri

547 1959 925 2063 Commemorat
949 1956 1185 2096 speciem,
1211 1954 1457 2093 lacrumas
1472 1956 1734 2061 effundere
1762 1962 1911 2064 salsas

551 2133 793 2274 Coepisse,
818 2157 870 2234 et
893 2170 1062 2234 rerum
1087 2101 1320 2230 naturam
1347 2134 1636 2268 expandere
1656 2122 1826 2263 dictis.

616 2305 945 2446 Quapropter
968 2304 1115 2427 bene,
1141 2344 1273 2424 cum,
1301 2307 1495 2442 superis
1520 2307 1584 2407 de
1610 2306 1762 2411 rebus
1787 2309 2024 2412 habenda

548 2479 715 2582 Nobis
740 2503 817 2580 est
841 2481 984 2619 ratio,
1013 2479 1128 2578 solis
1153 2479 1393 2615 lunaeque
1419 2464 1614 2582 meatus

460 2648 464 2655 ⁸
548 2651 666 2774 Qua
690 2654 817 2754 fiant
841 2655 1051 2771 ratione,
1079 2673 1258 2791 etqua
1280 2652 1330 2753 vi
1357 2689 1576 2789 quaeque
1601 2680 1856 2793 genantur

535 2826 610 2929 ,In
635 2830 783 2928 terris
804 2869 817 2952 ;
854 2849 983 2946 tum,
1009 2863 1124 2925 cum
1143 2826 1335 2962 primis,
1362 2826 1555 2925 ratione
1582 2830 1747 2967 sagaci

544 2998 700 3105 Unde
726 3001 894 3100 anima
917 3020 1072 3138 atque
1097 3000 1251 3098 animi
1276 3022 1476 3101 constet
1499 3023 1696 3122 natura,
1715 3002 2017 3126 videndum3

546 3172 616 3274 Et
642 3212 758 3312 quae
787 3210 862 3272 res
887 3172 1033 3274 nobis
1057 3171 1385 3311 vigilantibus
1410 3172 1559 3275 obvia
1583 3177 1794 3276 menteis

542 3345 823 3466 Terrificet,
851 3344 1027 3446 morbo
1052 3347 1277 3469 adfectis,
1308 3386 1585 3488 somnoque
1612 3352 1838 3487 sepultis,

548 3519 768 3624 Cernere
795 3525 869 3622 uti
894 3506 1156 3622 videamur
1180 3559 1280 3640 eos,
1308 3521 1586 3662 audireque
1613 3562 1796 3646 coram,

546 3693 716 3796 Morte
743 3693 883 3797 obita
908 3730 1126 3832 quorum
1150 3669 1302 3795 tellus
1327 3697 1652 3833 amplectitur
1676 3736 1802 3800 ossa.

617 3867 731 3971 Nec
757 3907 838 3970 me
864 3868 1019 3968 animi
1044 3866 1190 3987 fallit,
1213 3864 1485 3969 Graiorum
1509 3868 1724 3971 obscura
1741 3896 1943 4010 reperta

547 4043 769 4146 Difficile
794 4014 1062 4144 inlustrare
1088 4039 1282 4144 Latinis
1307 4042 1533 4145 versibus
1558 4083 1680 4176 esse,

529 4204 746 4354 ¹(Multa
769 4219 909 4318 novis
927 4204 1093 4319 verbis
1117 4219 1395 4355 praesertim
1425 4256 1581 4357 quom
1608 4222 1673 4320 sit
1695 4221 1978 4358 agendum)

546 4390 765 4530 Propter
788 4411 1062 4528 egestatem
1087 4390 1295 4527 linguae,
1324 4413 1376 4489 et
1399 4418 1569 4490 rerum
1593 4394 1898 4497 novitatem:

407 4692 409 4697 Ι
546 4565 648 4668 Sed
674 4588 764 4666 tua
788 4602 877 4707 me
892 4565 1051 4664 virtus
1075 4584 1263 4683 tamen,
1290 4583 1342 4661 et
1366 4586 1566 4701 sperata
1582 4568 1815 4706 voluptas

539 4740 723 4842 >Suavis
749 4738 998 4857 amicitiae,
1027 4735 1254 4874 quemvis
1278 4734 1457 4838 efferre
1483 4738 1708 4844 laborem

544 4911 753 5034 Suadet,
780 4933 833 5011 et
857 4911 1054 5013 inducit
1080 4911 1272 5011 noctcis
1296 4913 1507 5050 vigilare
1533 4953 1748 5033 serenas,
1845 4907 1851 4913 ’

545 5083 873 5207 Quaerentem
899 5085 1047 5189 dlctis
1072 5085 1278 5228 quibus,
1306 5108 1358 5187 ct
1382 5126 1487 5229 quo
1513 5090 1733 5192 carmine
1758 5090 1961 5198 demum
2032 5224 2037 5233 Ι
