4598 6112
384 507 502 604 2302
723 504 782 590 T.
852 500 1293 592 LUCRETII
1361 503 1574 598 CARI

404 763 613 898 Quippe
640 758 728 859 ubi
755 796 807 858 se
833 761 982 860 multi
1008 795 1103 896 per
1128 762 1320 861 somnia
1347 799 1480 900 saepe
1507 765 1790 906 loquenteS,

174 1061 183 1076 .
246 918 255 932 ⁸
297 1065 299 1068 Α
353 922 358 1045 ’,
401 941 510 1039 Aut
534 936 711 1036 morbo
738 934 1012 1035 delirantes
1039 937 1282 1070 procraxe
1308 933 1553 1057 ferantur,

317 1086 322 1094 ¹
405 1111 474 1212 Et
499 1114 659 1212 celata
682 1110 774 1208 <diu
800 1111 852 1210 in
882 1106 1105 1208 medium
1130 1131 1335 1245 peccata
1361 1110 1572 1215 dedisse.
1798 1240 1800 1243 Ι

476 1280 633 1385 Nune
660 1323 778 1424 quae
799 1322 949 1384 causa
970 1284 1122 1383 deflm
1142 1321 1235 1421 per
1252 1322 1461 1423 magnas
1481 1289 1688 1390 numina
1706 1297 1905 1431 geuteis

407 1452 738 1598 Pervotgurit‚
765 1481 818 1558 et
842 1496 1041 1558 ararum
1069 1458 1396 1594 compleverit
1422 1459 1606 1582 urbem,

408 1629 849 1768 Suscipiendaque
877 1633 1068 1731 curarit
1092 1632 1334 1732 solemnia
1358 1671 1511 1755 sacra,

409 1803 542 1924 Quae
570 1843 708 1903 nuuc
735 1806 785 1903 iu
815 1806 1011 1943 maguis
1037 1806 1220 1905 florent
1240 1844 1378 1908 sacra
1397 1808 1565 1930 rebus,
1592 1795 1849 1951 locisque{

320 2025 323 2039 ·
407 1977 562 2080 Unde
588 1980 737 2078 etiam
766 2017 902 2081 nunc
929 2000 1007 2082 est
1031 1981 1326 2085 mortalibus
1353 1985 1531 2086 insitus
1557 1989 1750 2112 horror,

410 2153 515 2273 Qui
544 2153 759 2254 delubra
783 2153 935 2255 deum
962 2196 1095 2258 nova
1119 2179 1226 2258 toto
1251 2160 1456 2259 suscitat
1480 2160 1590 2263 orbi

406 2328 698 2449 Terrarum,
724 2353 775 2428 et
799 2329 939 2433 festis
964 2334 1102 2471 cogit
1126 2331 1378 2434 celebrare
1406 2333 1614 2438 diebus:
1681 2352 1685 2359 ’

389 2500 533 2635 Νοη
561 2505 630 2605 ita
656 2505 860 2606 difficile
886 2528 961 2607 est
986 2506 1233 2606 rationem
1258 2506 1469 2609 reddere
1496 2508 1675 2618 verbis.

411 2704 417 2714 '
479 2678 692 2819 Quippe
720 2683 905 2783 etenim
925 2681 1169 2819 jamtum
1196 2677 1363 2779 divum
1389 2684 1621 2785 mortalia
1647 2688 1793 2790 saecla

410 2852 657 2995 Egregius
683 2856 850 2956 auimo
875 2856 1026 2955 facies
1052 2854 1291 2992 vigilante
1317 2855 1572 2979 videbant,

410 3026 480 3130 Et
505 3031 666 3169 magis
692 3030 959 3133 in·somnis
984 3028 1216 3131 mirando
1244 3031 1465 3164 corporis
1491 3050 1659 3138 auctu.

409 3202 507 3305 His
534 3206 694 3343 igitur
718 3243 920 3305 sensum
945 3201 1255 3323 tribuebant,
1283 3210 1717 3347 propterea'quod

338 3453 341 3461 ·
411 3375 652 3480 Membra
677 3417 876 3481 movere
900 3377 1222 3499 videbantur,
1247 3416 1497 3517 vocesque
1523 3382 1767 3518 superbas

413 3551 626 3659 Mittere
654 3594 745 3695 pro
771 3554 897 3656 facie
922 3553 1167 3691 praeclara
1191 3552 1456 3654 et'viribus
1481 3557 1677 3692 amplis,

408 3726 781 3868 AEteruamque
808 3726 1000 3830 dabant
1022 3728 1194 3847 vitam,
1223 3729 1344 3869 quia
1369 3766 1566 3867 semper
1590 3770 1766 3839 eorum

410 3903 860 4046 Suppeditabatur
884 3905 1050 4024 facim,
1079 3928 1132 4005 et
1154 3903 1314 4005 forma
1338 3901 1590 4025 manebat,

413 4080 513 4222 (Et
540 4106 710 4185 manet
733 4081 967 4214 omnino)
992 4102 1044 4180 et
1070 4079 1207 4217 quod
1234 4078 1386 4227 tantis
1411 4075 1797 4190 viribusauetos

413 4254 468 4366 N
473 4296 538 4358 ou
565 4280 756 4359 temere
786 4253 889 4355 ulla
913 4256 960 4357 vi
988 4254 1215 4357 eonviuci
1239 4291 1383 4393 posse
1409 4255 1671 4392 putabant.

413 4432 756 4575 Fortuuisque
784 4430 899 4534 ideo
925 4431 1076 4568 longe
1100 4451 1340 4568 praestare
1359 4429 1624 4566 putabant,

415 4607 573 4736 Quod
601 4607 776 4711 mortis
801 4604 953 4711 timor
970 4607 1105 4709 haud
1127 4630 1437 4748 quemquam
1457 4625 1661 4709 vexaret
1679 4647 1873 4738 eorum,

418 4790 488 4894 lit
515 4787 663 4890 siuutl
692 4788 743 4889 iu
771 4785 958 4886 somnis
979 4786 1099 4924 quia
1126 4784 1284 4887 multa
1307 4804 1358 4895 et
1381 4783 1509 4883 mira
1532 4782 1773 4889 videbant

421 4964 652 5088 litlieure,
680 4986 732 5067 et
758 4959 955 5064 nullum
984 5000 1162 5100 capere
1188 4963 1320 5102 ipsos
1345 4958 1462 5062 iude
1489 4957 1727 5065 laborem.

491 5137 761 5261 Praeterea,
790 5136 902 5241 celi
927 5138 1145 5241 rationes
1171 5136 1345 5240 urdine
1373 5155 1526 5252 certo,
1644 5243 1648 5246 ⁴
