<?xml version="1.0" encoding="UTF-8"?>
<!DOCTYPE html PUBLIC "-//W3C//DTD XHTML 1.0 Transitional//EN"
    "http://www.w3.org/TR/xhtml1/DTD/xhtml1-transitional.dtd">
<html xmlns="http://www.w3.org/1999/xhtml" xml:lang="en" lang="en">
 <head>
  <title>
</title>
<meta http-equiv="Content-Type" content="text/html;charset=utf-8" />
  <meta name='ocr-system' content='tesseract 3.04.00' />
  <meta name='ocr-capabilities' content='ocr_page ocr_carea ocr_par ocr_line ocrx_word'/>
</head>
<body>
  <div class='ocr_page' id='page_1' title='image "./titilucretiicar05carugoog_0019.png"; bbox 0 0 4598 6112; ppageno 0'>
   <div class='ocr_carea' id='block_1_1' title="bbox 0 1756 4 2497">
    <p class='ocr_par' dir='ltr' id='par_1_1' title="bbox 0 1756 4 2497">
     <span class='ocr_line' id='line_1_1' title="bbox 0 1756 4 2497; baseline 0 0"><span class='ocrx_word' id='word_1_1' title='bbox 0 1756 4 2497; x_wconf 95' lang='lat' dir='ltr'> </span> 
     </span>
    </p>
   </div>
   <div class='ocr_carea' id='block_1_2' title="bbox 583 469 1732 573">
    <p class='ocr_par' dir='ltr' id='par_1_2' title="bbox 583 469 1732 573">
     <span class='ocr_line' id='line_1_2' title="bbox 583 469 1732 573; baseline 0.021 -26"><span class='ocrx_word' id='word_1_2' title='bbox 583 474 648 569; x_wconf 84' lang='lat'>10</span> <span class='ocrx_word' id='word_1_3' title='bbox 892 469 951 556; x_wconf 87' lang='lat' dir='ltr'>T.</span> <span class='ocrx_word' id='word_1_4' title='bbox 1021 469 1451 567; x_wconf 86' lang='lat' dir='ltr'><strong>LUCRETII</strong></span> <span class='ocrx_word' id='word_1_5' title='bbox 1519 479 1732 573; x_wconf 86' lang='lat' dir='ltr'>CARI</span> 
     </span>
    </p>
   </div>
   <div class='ocr_carea' id='block_1_3' title="bbox 430 714 1963 5030">
    <p class='ocr_par' dir='ltr' id='par_1_3' title="bbox 572 714 1963 1361">
     <span class='ocr_line' id='line_1_3' title="bbox 577 714 1765 852; baseline 0.003 -36"><span class='ocrx_word' id='word_1_6' title='bbox 577 714 706 817; x_wconf 90' lang='lat' dir='ltr'>Inde</span> <span class='ocrx_word' id='word_1_7' title='bbox 731 715 997 833; x_wconf 83' lang='lat' dir='ltr'><strong>enascitur,</strong></span> <span class='ocrx_word' id='word_1_8' title='bbox 1023 734 1176 852; x_wconf 85' lang='lat' dir='ltr'>atque</span> <span class='ocrx_word' id='word_1_9' title='bbox 1201 754 1313 815; x_wconf 87' lang='lat' dir='ltr'>oras</span> <span class='ocrx_word' id='word_1_10' title='bbox 1338 716 1387 815; x_wconf 90' lang='lat' dir='ltr'>in</span> <span class='ocrx_word' id='word_1_11' title='bbox 1414 717 1618 818; x_wconf 88' lang='lat' dir='ltr'>luminis</span> <span class='ocrx_word' id='word_1_12' title='bbox 1645 723 1765 840; x_wconf 88' lang='lat' dir='ltr'>exit,</span> 
     </span>
     <span class='ocr_line' id='line_1_4' title="bbox 578 888 1893 1033; baseline 0.005 -43"><span class='ocrx_word' id='word_1_13' title='bbox 578 889 820 991; x_wconf 82' lang='lat' dir='ltr'>Materies</span> <span class='ocrx_word' id='word_1_14' title='bbox 846 888 935 990; x_wconf 91' lang='lat' dir='ltr'>ubi</span> <span class='ocrx_word' id='word_1_15' title='bbox 961 890 1092 1033; x_wconf 89' lang='lat' dir='ltr'>inest</span> <span class='ocrx_word' id='word_1_16' title='bbox 1118 891 1363 1030; x_wconf 84' lang='lat' dir='ltr'>cujusque</span> <span class='ocrx_word' id='word_1_17' title='bbox 1391 915 1441 991; x_wconf 92' lang='lat' dir='ltr'>et</span> <span class='ocrx_word' id='word_1_18' title='bbox 1465 930 1677 1030; x_wconf 84' lang='lat' dir='ltr'>corpora</span> <span class='ocrx_word' id='word_1_19' title='bbox 1702 897 1893 1032; x_wconf 88' lang='lat' dir='ltr'>prima:</span> 
     </span>
     <span class='ocr_line' id='line_1_5' title="bbox 572 1063 1963 1208; baseline 0.001 -40"><span class='ocrx_word' id='word_1_20' title='bbox 572 1070 747 1207; x_wconf 85' lang='lat' dir='ltr'><strong>Atque</strong></span> <span class='ocrx_word' id='word_1_21' title='bbox 774 1068 867 1171; x_wconf 89' lang='lat' dir='ltr'>hac</span> <span class='ocrx_word' id='word_1_22' title='bbox 892 1109 945 1169; x_wconf 91' lang='lat' dir='ltr'>re</span> <span class='ocrx_word' id='word_1_23' title='bbox 973 1088 1236 1205; x_wconf 92' lang='lat' dir='ltr'>nequeunt</span> <span class='ocrx_word' id='word_1_24' title='bbox 1261 1103 1324 1163; x_wconf 85' lang='lat' dir='ltr'>ex</span> <span class='ocrx_word' id='word_1_25' title='bbox 1350 1063 1584 1163; x_wconf 87' lang='lat' dir='ltr'>omnibus</span> <span class='ocrx_word' id='word_1_26' title='bbox 1611 1070 1778 1167; x_wconf 91' lang='lat' dir='ltr'>omnia</span> <span class='ocrx_word' id='word_1_27' title='bbox 1803 1071 1963 1208; x_wconf 85' lang='lat' dir='ltr'>gigni,</span> 
     </span>
     <span class='ocr_line' id='line_1_6' title="bbox 575 1239 1779 1361; baseline 0.002 -21"><span class='ocrx_word' id='word_1_28' title='bbox 575 1240 731 1361; x_wconf 82' lang='lat' dir='ltr'>Quod</span> <span class='ocrx_word' id='word_1_29' title='bbox 757 1243 904 1341; x_wconf 83' lang='lat' dir='ltr'>certis</span> <span class='ocrx_word' id='word_1_30' title='bbox 930 1243 983 1340; x_wconf 91' lang='lat' dir='ltr'>in</span> <span class='ocrx_word' id='word_1_31' title='bbox 1009 1240 1160 1341; x_wconf 88' lang='lat' dir='ltr'>rebus</span> <span class='ocrx_word' id='word_1_32' title='bbox 1185 1241 1315 1338; x_wconf 93' lang='lat' dir='ltr'>inest</span> <span class='ocrx_word' id='word_1_33' title='bbox 1340 1260 1529 1339; x_wconf 85' lang='lat' dir='ltr'>secreta</span> <span class='ocrx_word' id='word_1_34' title='bbox 1554 1239 1779 1343; x_wconf 75' lang='lat' dir='ltr'>facultas,</span> 
     </span>
    </p>

    <p class='ocr_par' dir='ltr' id='par_1_4' title="bbox 570 1413 1861 1699">
     <span class='ocr_line' id='line_1_7' title="bbox 643 1413 1861 1538; baseline 0.001 -22"><span class='ocrx_word' id='word_1_35' title='bbox 643 1414 912 1536; x_wconf 88' lang='lat' dir='ltr'>Praeterea,</span> <span class='ocrx_word' id='word_1_36' title='bbox 940 1455 1030 1516; x_wconf 87' lang='lat' dir='ltr'>cur</span> <span class='ocrx_word' id='word_1_37' title='bbox 1054 1453 1169 1517; x_wconf 92' lang='lat' dir='ltr'>vere</span> <span class='ocrx_word' id='word_1_38' title='bbox 1195 1452 1374 1532; x_wconf 89' lang='lat' dir='ltr'>rosam,</span> <span class='ocrx_word' id='word_1_39' title='bbox 1403 1413 1656 1515; x_wconf 87' lang='lat' dir='ltr'>frumenta</span> <span class='ocrx_word' id='word_1_40' title='bbox 1681 1418 1861 1538; x_wconf 86' lang='lat' dir='ltr'>calore,</span> 
     </span>
     <span class='ocr_line' id='line_1_8' title="bbox 570 1586 1724 1699; baseline 0.003 -9"><span class='ocrx_word' id='word_1_41' title='bbox 570 1586 733 1690; x_wconf 89' lang='lat' dir='ltr'>Viteis</span> <span class='ocrx_word' id='word_1_42' title='bbox 759 1613 1031 1689; x_wconf 85' lang='lat' dir='ltr'>auctumno</span> <span class='ocrx_word' id='word_1_43' title='bbox 1055 1589 1202 1699; x_wconf 87' lang='lat' dir='ltr'>fundi</span> <span class='ocrx_word' id='word_1_44' title='bbox 1228 1587 1440 1687; x_wconf 89' lang='lat' dir='ltr'>sudante</span> <span class='ocrx_word' id='word_1_45' title='bbox 1466 1587 1724 1694; x_wconf 82' lang='lat' dir='ltr'>videmus:</span> 
     </span>
    </p>

    <p class='ocr_par' dir='ltr' id='par_1_5' title="bbox 498 1761 1917 2255">
     <span class='ocr_line' id='line_1_9' title="bbox 570 1761 1854 1899; baseline 0.003 -37"><span class='ocrx_word' id='word_1_46' title='bbox 570 1761 625 1862; x_wconf 86' lang='lat' dir='ltr'>Si</span> <span class='ocrx_word' id='word_1_47' title='bbox 650 1801 768 1882; x_wconf 93' lang='lat' dir='ltr'>non,</span> <span class='ocrx_word' id='word_1_48' title='bbox 796 1786 932 1864; x_wconf 88' lang='lat' dir='ltr'>certa</span> <span class='ocrx_word' id='word_1_49' title='bbox 957 1803 1046 1863; x_wconf 93' lang='lat' dir='ltr'>suo</span> <span class='ocrx_word' id='word_1_50' title='bbox 1074 1763 1196 1899; x_wconf 89' lang='lat' dir='ltr'>quia</span> <span class='ocrx_word' id='word_1_51' title='bbox 1220 1784 1446 1896; x_wconf 88' lang='lat' dir='ltr'>tempore</span> <span class='ocrx_word' id='word_1_52' title='bbox 1473 1764 1662 1862; x_wconf 91' lang='lat' dir='ltr'>semina</span> <span class='ocrx_word' id='word_1_53' title='bbox 1686 1803 1854 1866; x_wconf 90' lang='lat' dir='ltr'>rerum</span> 
     </span>
     <span class='ocr_line' id='line_1_10' title="bbox 571 1934 1917 2075; baseline 0.004 -38"><span class='ocrx_word' id='word_1_54' title='bbox 571 1935 702 2037; x_wconf 87' lang='lat' dir='ltr'>Cum</span> <span class='ocrx_word' id='word_1_55' title='bbox 730 1939 1101 2055; x_wconf 87' lang='lat' dir='ltr'>confluxerunt,</span> <span class='ocrx_word' id='word_1_56' title='bbox 1128 1935 1307 2072; x_wconf 87' lang='lat' dir='ltr'>patefit</span> <span class='ocrx_word' id='word_1_57' title='bbox 1333 1934 1677 2075; x_wconf 86' lang='lat' dir='ltr'>quodeunque</span> <span class='ocrx_word' id='word_1_58' title='bbox 1704 1962 1917 2062; x_wconf 83' lang='lat' dir='ltr'>creatur,</span> 
     </span>
     <span class='ocr_line' id='line_1_11' title="bbox 498 2094 1724 2255; baseline 0.001 -45"><span class='ocrx_word' id='word_1_59' title='bbox 498 2094 502 2102; x_wconf 34' lang='lat'>⁵</span> <span class='ocrx_word' id='word_1_60' title='bbox 566 2107 708 2212; x_wconf 88' lang='lat' dir='ltr'>Dum</span> <span class='ocrx_word' id='word_1_61' title='bbox 734 2133 1057 2248; x_wconf 88' lang='lat' dir='ltr'>tempestates</span> <span class='ocrx_word' id='word_1_62' title='bbox 1082 2111 1282 2229; x_wconf 84' lang='lat' dir='ltr'>adsunt,</span> <span class='ocrx_word' id='word_1_63' title='bbox 1309 2132 1360 2208; x_wconf 90' lang='lat' dir='ltr'>et</span> <span class='ocrx_word' id='word_1_64' title='bbox 1383 2110 1550 2255; x_wconf 69' lang='lat' dir='ltr'>uivida</span> <span class='ocrx_word' id='word_1_65' title='bbox 1574 2111 1724 2211; x_wconf 89' lang='lat' dir='ltr'>tellus</span> 
     </span>
    </p>

    <p class='ocr_par' dir='ltr' id='par_1_6' title="bbox 562 2282 1671 2385">
     <span class='ocr_line' id='line_1_12' title="bbox 562 2282 1671 2385; baseline -0.002 0"><span class='ocrx_word' id='word_1_66' title='bbox 562 2282 700 2385; x_wconf 90' lang='lat' dir='ltr'>Tuto</span> <span class='ocrx_word' id='word_1_67' title='bbox 724 2324 802 2385; x_wconf 83' lang='lat' dir='ltr'>res</span> <span class='ocrx_word' id='word_1_68' title='bbox 821 2308 1017 2384; x_wconf 89' lang='lat' dir='ltr'>teneras</span> <span class='ocrx_word' id='word_1_69' title='bbox 1044 2283 1189 2384; x_wconf 86' lang='lat' dir='ltr'>effert</span> <span class='ocrx_word' id='word_1_70' title='bbox 1213 2286 1265 2382; x_wconf 91' lang='lat' dir='ltr'>in</span> <span class='ocrx_word' id='word_1_71' title='bbox 1291 2284 1495 2383; x_wconf 87' lang='lat' dir='ltr'>luminis</span> <span class='ocrx_word' id='word_1_72' title='bbox 1521 2288 1671 2383; x_wconf 65' lang='lat' dir='ltr'>oras?</span> 
     </span>
    </p>

    <p class='ocr_par' dir='ltr' id='par_1_7' title="bbox 563 2454 1839 2772">
     <span class='ocr_line' id='line_1_13' title="bbox 565 2454 1839 2580; baseline 0.005 -21"><span class='ocrx_word' id='word_1_73' title='bbox 565 2457 720 2580; x_wconf 80' lang='lat' dir='ltr'>Quod</span> <span class='ocrx_word' id='word_1_74' title='bbox 747 2462 787 2559; x_wconf 91' lang='lat' dir='ltr'>si</span> <span class='ocrx_word' id='word_1_75' title='bbox 814 2460 877 2559; x_wconf 92' lang='lat' dir='ltr'>de</span> <span class='ocrx_word' id='word_1_76' title='bbox 902 2457 1063 2558; x_wconf 86' lang='lat' dir='ltr'>nihilo</span> <span class='ocrx_word' id='word_1_77' title='bbox 1090 2457 1288 2577; x_wconf 88' lang='lat' dir='ltr'>fierent,</span> <span class='ocrx_word' id='word_1_78' title='bbox 1314 2454 1480 2556; x_wconf 83' lang='lat' dir='ltr'>subito</span> <span class='ocrx_word' id='word_1_79' title='bbox 1508 2486 1839 2565; x_wconf 79' lang='lat' dir='ltr'>exorerentur</span> 
     </span>
     <span class='ocr_line' id='line_1_14' title="bbox 563 2630 1785 2772; baseline 0.003 -37"><span class='ocrx_word' id='word_1_80' title='bbox 563 2634 765 2735; x_wconf 83' lang='lat' dir='ltr'>Incerto</span> <span class='ocrx_word' id='word_1_81' title='bbox 791 2637 969 2771; x_wconf 92' lang='lat' dir='ltr'>spatio,</span> <span class='ocrx_word' id='word_1_82' title='bbox 999 2658 1152 2772; x_wconf 90' lang='lat' dir='ltr'>atque</span> <span class='ocrx_word' id='word_1_83' title='bbox 1179 2632 1353 2732; x_wconf 88' lang='lat' dir='ltr'>alienis</span> <span class='ocrx_word' id='word_1_84' title='bbox 1376 2630 1607 2768; x_wconf 89' lang='lat' dir='ltr'>partibus</span> <span class='ocrx_word' id='word_1_85' title='bbox 1633 2640 1785 2739; x_wconf 90' lang='lat' dir='ltr'>anni:</span> 
     </span>
    </p>

    <p class='ocr_par' dir='ltr' id='par_1_8' title="bbox 430 2806 1938 3123">
     <span class='ocr_line' id='line_1_15' title="bbox 430 2806 1938 2950; baseline 0.006 -41"><span class='ocrx_word' id='word_1_86' title='bbox 430 2854 433 2861; x_wconf 92' lang='lat'>·</span> <span class='ocrx_word' id='word_1_87' title='bbox 563 2808 776 2949; x_wconf 82' lang='lat' dir='ltr'>Quippe</span> <span class='ocrx_word' id='word_1_88' title='bbox 797 2810 885 2911; x_wconf 91' lang='lat' dir='ltr'>ubi</span> <span class='ocrx_word' id='word_1_89' title='bbox 911 2811 1053 2912; x_wconf 90' lang='lat' dir='ltr'>nulla</span> <span class='ocrx_word' id='word_1_90' title='bbox 1076 2809 1243 2908; x_wconf 83' lang='lat' dir='ltr'>forent</span> <span class='ocrx_word' id='word_1_91' title='bbox 1265 2806 1557 2943; x_wconf 88' lang='lat' dir='ltr'>primordia,</span> <span class='ocrx_word' id='word_1_92' title='bbox 1587 2847 1703 2946; x_wconf 86' lang='lat' dir='ltr'>quae</span> <span class='ocrx_word' id='word_1_93' title='bbox 1729 2817 1938 2950; x_wconf 81' lang='lat' dir='ltr'>genitali</span> 
     </span>
     <span class='ocr_line' id='line_1_16' title="bbox 562 2980 1675 3123; baseline 0.002 -38"><span class='ocrx_word' id='word_1_94' title='bbox 562 2980 794 3087; x_wconf 82' lang='lat' dir='ltr'>Concilio</span> <span class='ocrx_word' id='word_1_95' title='bbox 816 3008 1023 3123; x_wconf 86' lang='lat' dir='ltr'>possent</span> <span class='ocrx_word' id='word_1_96' title='bbox 1048 2982 1206 3084; x_wconf 84' lang='lat' dir='ltr'>arceri</span> <span class='ocrx_word' id='word_1_97' title='bbox 1229 3003 1456 3117; x_wconf 86' lang='lat' dir='ltr'>tempore</span> <span class='ocrx_word' id='word_1_98' title='bbox 1482 2981 1675 3120; x_wconf 90' lang='lat' dir='ltr'>iniquo.</span> 
     </span>
    </p>

    <p class='ocr_par' dir='ltr' id='par_1_9' title="bbox 553 3153 1932 4517">
     <span class='ocr_line' id='line_1_17' title="bbox 630 3153 1854 3296; baseline 0.007 -39"><span class='ocrx_word' id='word_1_99' title='bbox 630 3156 745 3258; x_wconf 88' lang='lat' dir='ltr'>Neo</span> <span class='ocrx_word' id='word_1_100' title='bbox 770 3196 921 3296; x_wconf 93' lang='lat' dir='ltr'>porro</span> <span class='ocrx_word' id='word_1_101' title='bbox 948 3157 1192 3295; x_wconf 85' lang='lat' dir='ltr'>augendis</span> <span class='ocrx_word' id='word_1_102' title='bbox 1217 3153 1368 3254; x_wconf 88' lang='lat' dir='ltr'>rebus</span> <span class='ocrx_word' id='word_1_103' title='bbox 1394 3154 1555 3289; x_wconf 90' lang='lat' dir='ltr'>spatio</span> <span class='ocrx_word' id='word_1_104' title='bbox 1581 3155 1711 3257; x_wconf 89' lang='lat' dir='ltr'>foret</span> <span class='ocrx_word' id='word_1_105' title='bbox 1736 3200 1854 3264; x_wconf 92' lang='lat' dir='ltr'>usus</span> 
     </span>
     <span class='ocr_line' id='line_1_18' title="bbox 560 3324 1905 3467; baseline 0.006 -37"><span class='ocrx_word' id='word_1_106' title='bbox 560 3327 777 3430; x_wconf 82' lang='lat' dir='ltr'>Seminis</span> <span class='ocrx_word' id='word_1_107' title='bbox 803 3330 865 3430; x_wconf 90' lang='lat' dir='ltr'>ad</span> <span class='ocrx_word' id='word_1_108' title='bbox 893 3332 1101 3449; x_wconf 83' lang='lat' dir='ltr'>coitum,</span> <span class='ocrx_word' id='word_1_109' title='bbox 1136 3368 1163 3427; x_wconf 91' lang='lat' dir='ltr'>e</span> <span class='ocrx_word' id='word_1_110' title='bbox 1188 3324 1348 3426; x_wconf 92' lang='lat' dir='ltr'>nihilo</span> <span class='ocrx_word' id='word_1_111' title='bbox 1374 3326 1414 3425; x_wconf 92' lang='lat' dir='ltr'>si</span> <span class='ocrx_word' id='word_1_112' title='bbox 1441 3363 1660 3428; x_wconf 86' lang='lat' dir='ltr'>erescere</span> <span class='ocrx_word' id='word_1_113' title='bbox 1686 3362 1905 3467; x_wconf 86' lang='lat' dir='ltr'>possent.</span> 
     </span>
     <span class='ocr_line' id='line_1_19' title="bbox 559 3499 1932 3644; baseline 0.004 -39"><span class='ocrx_word' id='word_1_114' title='bbox 559 3501 697 3605; x_wconf 89' lang='lat' dir='ltr'>Nam</span> <span class='ocrx_word' id='word_1_115' title='bbox 723 3505 904 3603; x_wconf 87' lang='lat' dir='ltr'>fierent</span> <span class='ocrx_word' id='word_1_116' title='bbox 920 3504 1132 3641; x_wconf 85' lang='lat' dir='ltr'>juvenes</span> <span class='ocrx_word' id='word_1_117' title='bbox 1158 3499 1324 3600; x_wconf 88' lang='lat' dir='ltr'>subito</span> <span class='ocrx_word' id='word_1_118' title='bbox 1351 3538 1415 3598; x_wconf 86' lang='lat' dir='ltr'>ex</span> <span class='ocrx_word' id='word_1_119' title='bbox 1433 3499 1713 3605; x_wconf 86' lang='lat' dir='ltr'>infantibus</span> <span class='ocrx_word' id='word_1_120' title='bbox 1736 3513 1932 3644; x_wconf 90' lang='lat' dir='ltr'>parvis;</span> 
     </span>
     <span class='ocr_line' id='line_1_20' title="bbox 557 3671 1773 3816; baseline 0.002 -38"><span class='ocrx_word' id='word_1_121' title='bbox 557 3676 603 3778; x_wconf 91' lang='lat' dir='ltr'><strong>E</strong></span> <span class='ocrx_word' id='word_1_122' title='bbox 628 3700 866 3816; x_wconf 87' lang='lat' dir='ltr'>terraque</span> <span class='ocrx_word' id='word_1_123' title='bbox 892 3700 1068 3776; x_wconf 83' lang='lat' dir='ltr'>exorta</span> <span class='ocrx_word' id='word_1_124' title='bbox 1092 3698 1300 3814; x_wconf 89' lang='lat' dir='ltr'>repente</span> <span class='ocrx_word' id='word_1_125' title='bbox 1326 3673 1530 3774; x_wconf 88' lang='lat' dir='ltr'>arbusta</span> <span class='ocrx_word' id='word_1_126' title='bbox 1556 3671 1773 3780; x_wconf 84' lang='lat' dir='ltr'>sal-irent.</span> 
     </span>
     <span class='ocr_line' id='line_1_21' title="bbox 558 3848 1921 3992; baseline 0.008 -41"><span class='ocrx_word' id='word_1_127' title='bbox 558 3848 792 3969; x_wconf 82' lang='lat' dir='ltr'>Quorum</span> <span class='ocrx_word' id='word_1_128' title='bbox 817 3852 890 3950; x_wconf 90' lang='lat' dir='ltr'>nil</span> <span class='ocrx_word' id='word_1_129' title='bbox 917 3851 1025 3950; x_wconf 91' lang='lat' dir='ltr'>fieri</span> <span class='ocrx_word' id='word_1_130' title='bbox 1054 3849 1374 3949; x_wconf 87' lang='lat' dir='ltr'>manifestum</span> <span class='ocrx_word' id='word_1_131' title='bbox 1402 3869 1492 3967; x_wconf 91' lang='lat' dir='ltr'>est,</span> <span class='ocrx_word' id='word_1_132' title='bbox 1519 3852 1689 3951; x_wconf 87' lang='lat' dir='ltr'>omnia</span> <span class='ocrx_word' id='word_1_133' title='bbox 1714 3860 1921 3992; x_wconf 88' lang='lat' dir='ltr'>quando</span> 
     </span>
     <span class='ocr_line' id='line_1_22' title="bbox 553 4021 1824 4161; baseline 0.006 -35"><span class='ocrx_word' id='word_1_134' title='bbox 553 4021 827 4126; x_wconf 87' lang='lat' dir='ltr'>Paullatim</span> <span class='ocrx_word' id='word_1_135' title='bbox 851 4046 1082 4125; x_wconf 87' lang='lat' dir='ltr'>eresount</span> <span class='ocrx_word' id='word_1_136' title='bbox 1106 4025 1191 4161; x_wconf 82' lang='lat' dir='ltr'>(ut</span> <span class='ocrx_word' id='word_1_137' title='bbox 1214 4061 1307 4160; x_wconf 87' lang='lat' dir='ltr'>par</span> <span class='ocrx_word' id='word_1_138' title='bbox 1332 4025 1432 4159; x_wconf 89' lang='lat' dir='ltr'>est)</span> <span class='ocrx_word' id='word_1_139' title='bbox 1458 4027 1645 4127; x_wconf 90' lang='lat' dir='ltr'>semine</span> <span class='ocrx_word' id='word_1_140' title='bbox 1671 4055 1824 4155; x_wconf 90' lang='lat' dir='ltr'>certo,</span> 
     </span>
     <span class='ocr_line' id='line_1_23' title="bbox 557 4194 1901 4343; baseline 0.01 -45"><span class='ocrx_word' id='word_1_141' title='bbox 557 4194 947 4337; x_wconf 83' lang='lat' dir='ltr'>Crescendoque</span> <span class='ocrx_word' id='word_1_142' title='bbox 973 4237 1134 4337; x_wconf 88' lang='lat' dir='ltr'>genus</span> <span class='ocrx_word' id='word_1_143' title='bbox 1160 4220 1394 4322; x_wconf 76' lang='lat' dir='ltr'>servant,</span> <span class='ocrx_word' id='word_1_144' title='bbox 1430 4213 1488 4299; x_wconf 90' lang='lat' dir='ltr'>ut</span> <span class='ocrx_word' id='word_1_145' title='bbox 1513 4241 1717 4305; x_wconf 83' lang='lat' dir='ltr'>noscere</span> <span class='ocrx_word' id='word_1_146' title='bbox 1741 4212 1901 4343; x_wconf 88' lang='lat' dir='ltr'>possis</span> 
     </span>
     <span class='ocr_line' id='line_1_24' title="bbox 555 4370 1814 4517; baseline 0.009 -45"><span class='ocrx_word' id='word_1_147' title='bbox 555 4370 795 4511; x_wconf 81' lang='lat' dir='ltr'>Quaeque</span> <span class='ocrx_word' id='word_1_148' title='bbox 816 4412 906 4475; x_wconf 91' lang='lat' dir='ltr'>sua</span> <span class='ocrx_word' id='word_1_149' title='bbox 930 4376 994 4476; x_wconf 91' lang='lat' dir='ltr'>de</span> <span class='ocrx_word' id='word_1_150' title='bbox 1020 4374 1229 4475; x_wconf 88' lang='lat' dir='ltr'>materia</span> <span class='ocrx_word' id='word_1_151' title='bbox 1253 4371 1608 4508; x_wconf 73' lang='lat' dir='ltr'>grandescere,</span> <span class='ocrx_word' id='word_1_152' title='bbox 1628 4379 1814 4517; x_wconf 89' lang='lat' dir='ltr'>alique.</span> 
     </span>
    </p>

    <p class='ocr_par' dir='ltr' id='par_1_10' title="bbox 554 4542 1790 4861">
     <span class='ocr_line' id='line_1_25' title="bbox 623 4542 1790 4655; baseline 0.008 -8"><span class='ocrx_word' id='word_1_153' title='bbox 623 4544 743 4647; x_wconf 83' lang='lat' dir='ltr'>Huc</span> <span class='ocrx_word' id='word_1_154' title='bbox 768 4547 962 4648; x_wconf 78' lang='lat' dir='ltr'>aceedit</span> <span class='ocrx_word' id='word_1_155' title='bbox 987 4548 1063 4647; x_wconf 91' lang='lat' dir='ltr'>uti</span> <span class='ocrx_word' id='word_1_156' title='bbox 1089 4548 1194 4647; x_wconf 88' lang='lat' dir='ltr'>sine</span> <span class='ocrx_word' id='word_1_157' title='bbox 1219 4543 1368 4643; x_wconf 85' lang='lat' dir='ltr'>certis</span> <span class='ocrx_word' id='word_1_158' title='bbox 1392 4542 1640 4649; x_wconf 88' lang='lat' dir='ltr'>imbribus</span> <span class='ocrx_word' id='word_1_159' title='bbox 1666 4557 1790 4655; x_wconf 85' lang='lat' dir='ltr'>anni</span> 
     </span>
     <span class='ocr_line' id='line_1_26' title="bbox 554 4717 1757 4861; baseline 0.008 -42"><span class='ocrx_word' id='word_1_160' title='bbox 554 4717 805 4822; x_wconf 86' lang='lat' dir='ltr'>Laetifioos</span> <span class='ocrx_word' id='word_1_161' title='bbox 829 4744 1052 4861; x_wconf 89' lang='lat' dir='ltr'>nequeat</span> <span class='ocrx_word' id='word_1_162' title='bbox 1077 4721 1225 4820; x_wconf 88' lang='lat' dir='ltr'>foetus</span> <span class='ocrx_word' id='word_1_163' title='bbox 1252 4717 1545 4822; x_wconf 89' lang='lat' dir='ltr'>submittere</span> <span class='ocrx_word' id='word_1_164' title='bbox 1570 4726 1722 4828; x_wconf 92' lang='lat' dir='ltr'>tellus</span> <span class='ocrx_word' id='word_1_165' title='bbox 1736 4770 1757 4854; x_wconf 83' lang='lat'>3.</span> 
     </span>
    </p>

    <p class='ocr_par' dir='ltr' id='par_1_11' title="bbox 552 4883 1742 5030">
     <span class='ocr_line' id='line_1_27' title="bbox 552 4883 1742 5030; baseline 0.009 -38"><span class='ocrx_word' id='word_1_166' title='bbox 552 4888 667 4992; x_wconf 89' lang='lat' dir='ltr'>Neo</span> <span class='ocrx_word' id='word_1_167' title='bbox 691 4930 842 5030; x_wconf 89' lang='lat' dir='ltr'>porro</span> <span class='ocrx_word' id='word_1_168' title='bbox 868 4919 1058 4998; x_wconf 83' lang='lat' dir='ltr'>secreta</span> <span class='ocrx_word' id='word_1_169' title='bbox 1083 4893 1196 4996; x_wconf 87' lang='lat' dir='ltr'>cibo</span> <span class='ocrx_word' id='word_1_170' title='bbox 1219 4883 1404 4994; x_wconf 89' lang='lat' dir='ltr'>natura</span> <span class='ocrx_word' id='word_1_171' title='bbox 1428 4896 1742 5004; x_wconf 85' lang='lat' dir='ltr'>animantum</span> 
     </span>
    </p>
   </div>
   <div class='ocr_carea' id='block_1_4' title="bbox 548 5064 1709 5211">
    <p class='ocr_par' dir='ltr' id='par_1_12' title="bbox 548 5064 1709 5211">
     <span class='ocr_line' id='line_1_28' title="bbox 548 5064 1709 5211; baseline 0.01 -44"><span class='ocrx_word' id='word_1_172' title='bbox 548 5064 840 5210; x_wconf 87' lang='lat' dir='ltr'>Propagare</span> <span class='ocrx_word' id='word_1_173' title='bbox 855 5109 1024 5211; x_wconf 89' lang='lat' dir='ltr'>genus</span> <span class='ocrx_word' id='word_1_174' title='bbox 1049 5072 1227 5211; x_wconf 85' lang='lat' dir='ltr'>possit,</span> <span class='ocrx_word' id='word_1_175' title='bbox 1261 5071 1518 5209; x_wconf 83' lang='lat' dir='ltr'>vitamque</span> <span class='ocrx_word' id='word_1_176' title='bbox 1544 5076 1709 5179; x_wconf 81' lang='lat' dir='ltr'>tueri:</span> 
     </span>
    </p>
   </div>
   <div class='ocr_carea' id='block_1_5' title="bbox 0 0 2304 6112">
    <p class='ocr_par' dir='ltr' id='par_1_13' title="bbox 0 0 2304 6112">
     <span class='ocr_line' id='line_1_29' title="bbox 0 0 2304 6112; baseline 0 7"><span class='ocrx_word' id='word_1_177' title='bbox 0 0 2304 6112; x_wconf 95' lang='lat' dir='ltr'> </span> 
     </span>
    </p>
   </div>
  </div>
 </body>
</html>
