4598 6112
556 537 559 540 ’
724 499 1010 605 LIBER
1072 509 1551 604 SECUNDUS.
1691 532 1695 534 ’
1819 510 1891 604 sl

467 768 678 909 Quippe
702 771 876 873 videre
899 773 1022 873 licet
1044 771 1181 876 vivos
1199 772 1448 895 exsistere
1474 771 1687 872 vermeis
1802 794 1805 796 ’

399 943 635 1050 Stercore
659 946 724 1048 de
750 970 898 1069 tetro,
919 971 1179 1086 putrorem
1208 984 1364 1085 quom
1389 944 1487 1046 sibi
1511 968 1662 1049 nuota
1684 969 1761 1049 est
1891 916 1903 939 ⁰

397 1120 775 1262 Intempestivis
799 1148 864 1225 ex
888 1121 1141 1225 imbribus
1163 1121 1377 1255 humida
1395 1122 1578 1225 tellus:

398 1295 654 1401 Praeterea
672 1323 879 1405 cunetas
903 1299 1081 1400 itidem
1106 1337 1190 1400 res
1211 1322 1408 1402 vertere
1433 1337 1558 1403 sese.

396 1470 624 1575 Vertunt
649 1476 886 1596 serloni,
907 1474 1134 1596 frundes
1162 1496 1214 1574 et
1236 1472 1429 1612 pabula
1453 1476 1573 1575 laete

399 1644 461 1748 In
487 1649 739 1786 pecudes:
778 1672 983 1753 vertunt
1007 1649 1231 1788 pecudes
1255 1650 1308 1749 in
1328 1685 1541 1786 corpora
1565 1674 1738 1752 nostra
1776 1784 1778 1789 Ι
1802 1706 1805 1713 ·

401 1819 673 1944 Naturam,
702 1848 754 1925 et
771 1848 942 1927 nostro
968 1823 1032 1924 de
1058 1861 1269 1963 corpore
1295 1858 1433 1963 saepe
1452 1824 1675 1927 ferarum

399 1999 699 2138 Augesount
722 2004 870 2124 vires,
897 2026 949 2103 et
973 2039 1186 2140 corpora
1207 2003 1652 2139 pennipotentum.
1796 2056 1812 2093 ι
1915 2022 1924 2029 “

402 2171 542 2313 Ergo
568 2176 762 2290 omneis
787 2200 972 2279 nature
996 2177 1136 2279 cibos
1159 2176 1224 2276 in·
1239 2210 1450 2314 corpora
1472 2177 1588 2278 viva
1826 2168 1831 2177 ’

346 2372 350 2378 ’
399 2347 588 2473 Vertit,
616 2375 668 2452 et
692 2346 813 2455 hino
839 2369 1021 2455 sensus
1042 2354 1357 2455 animantum
1381 2374 1616 2491 procreat
1639 2352 1863 2454 omneis:
1988 2328 1990 2330 ¹

403 2523 528 2627 Non
553 2526 653 2628 alia
674 2527 828 2667 longe
854 2530 1067 2651 ratione,
1092 2551 1253 2670 atque·
1276 2528 1420 2629 aride
1440 2528 1584 2666 ligna
1674 2539 1677 2544 ’
1717 2526 1721 2610 ἶ

403 2695 644 2840 Explicat
664 2704 719 2804 in
745 2705 989 2827 flammas,
1016 2727 1069 2806 et
1094 2705 1146 2806 in
1172 2704 1337 2842 igneis
1360 2705 1737 2810 omniauersat.

393 2951 395 2954 ⁴
471 2876 506 2980 J
509 2917 656 2978 amne
683 2879 825 2979 vides
847 2881 1020 3017 igitur,
1048 2879 1221 3017 magni
1245 2869 1724 3017 primordia-rerum

402 3051 615 3154 Referre
640 3055 695 3155 in
721 3055 862 3192 quali
889 3055 991 3161 sint
1013 3055 1193 3156 ordine
1219 3090 1442 3196 quaeque
1469 3055 1648 3177 locata,

404 3224 474 3332 Et
498 3229 760 3330 commista
784 3229 975 3368 quibus
999 3229 1125 3373 dent
1148 3253 1333 3351 motus,
1360 3231 1749 3370 accipiantque?

321 3514 331 3529 ἱ
471 3400 604 3506 Tum
619 3442 773 3542 porro
790 3405 916 3544 quid
932 3368 1464 3545 idestanimuinquod
1477 3409 1701 3544 pereutit
1714 3407 1908 3549 ipsum?v

406 3579 561 3702 Quod
584 3583 784 3699 movet?
822 3602 874 3679 et
896 3581 1059 3681 varios
1079 3617 1266 3681 sensus
1280 3616 1579 3718 expromere
1605 3582 1777 3720 cogit,

404 3756 486 3858 Ex
513 3754 840 3856 insensilibus
857 3793 922 3854 ne
948 3756 1125 3856 credas
1150 3727 1331 3855 sensile
1356 3755 1534 3894 gigni?

266 3925 269 3928 Α
405 3929 683 4050 Nimirum,
709 3929 921 4066 lapides,
949 3952 1002 4029 et
1025 3930 1181 4067 ligna,
1208 3950 1261 4028 et
1284 3950 1419 4028 terra
1444 3928 1583 4070 quod
1609 3966 1715 4029 una

405 4106 578 4226 Mista,
605 4127 776 4205 temen
801 4127 1070 4246 nequeunt
1089 4102 1535 4208 vitalemreddere
1551 4140 1779 4206 sensum.

476 4281 615 4384 Illud
640 4281 693 4380 in
720 4279 799 4383 his
823 4281 984 4419 igitur
1008 4280 1162 4427 rebus
1187 4279 1473 4380 meminisse
1491 4266 1716 4401 decebit,

404 4457 530 4561 Non
555 4494 621 4556 ex
644 4454 882 4556 omnibus
907 4457 1133 4577 omnino,
1159 4490 1488 4595 quaeeunque
1513 4479 1687 4556 creent
1710 4492 1805 4577 res,

405 4628 623 4735 Sensilie
646 4631 904 4769 extemplo
928 4654 981 4732 et
1005 4668 1181 4732 sensus
1206 4628 1287 4730 me
1313 4628 1482 4731 dicere
1506 4631 1679 4769 gigni:

324 4852 330 4863 ·
406 4806 702 4944 Sedrmegni
727 4804 931 4926 referre,
959 4841 1020 4904 ea
1042 4799 1265 4945 primum
1290 4806 1542 4943 quantula
1566 4826 1815 4925 constent,

407 4981 602 5084 Sensile
627 5018 746 5121 quse
769 4979 981 5104 faciunt,
1003 5003 1058 5081 et
1086 4976 1192 5121 que
1216 4981 1557 5125 sintspraedita
1581 4949 1782 5100 forma,

407 5145 673 5280 Motibus,
695 5154 980 5282 ordinibus,
1005 5159 1248 5299 posituris
1274 5157 1500 5299 denique
1524 5158 1644 5297 quae
1663 5155 1794 5279 sint3
