4598 6112
758 573 1036 662 LIBER
1101 568 1566 663 QUARTUS(
1795 569 1892 674 159

396 836 554 940 Plane
580 837 827 957 exaudiri,
854 834 1175 972 discernique
1200 833 1534 934 articulatim:

399 1009 576 1111 Servat
600 1012 737 1151 enim
759 1009 1104 1125 formaturam,
1131 1029 1397 1144 servatque
1421 1008 1654 1147 figuram.

322 1237 326 1243 ·
353 1236 360 1249 ·
397 1182 469 1284 At
493 1185 534 1284 si
559 1184 912 1322 interpositum
938 1184 1160 1321 spatium
1187 1182 1252 1282 sit
1275 1183 1477 1322 longius
1497 1223 1669 1323 aequo,

397 1358 534 1461 Aera
557 1398 651 1497 per
675 1359 893 1461 muitum
920 1356 1161 1459 confundi
1188 1354 1341 1457 verba
1365 1396 1565 1460 necesse
1592 1339 1683 1482 est,
1795 1378 1800 1389 '

400 1533 471 1638 Et
493 1533 784 1638 conturbari
808 1570 997 1651 vocem,
1025 1532 1147 1632 dum
1169 1532 1446 1634 transvolat
1470 1573 1630 1635 auras.

400 1707 540 1850 Ergo
564 1711 640 1832 fit,
668 1710 888 1811 sonitum
914 1728 972 1806 ut
994 1707 1155 1843 possis
1179 1707 1373 1828 audire,
1399 1747 1567 1848 neque
1591 1708 1755 1812 hilum
1823 1739 1826 1745 ’

401 1880 748 1985 Internoscere
772 1879 1040 1984 verborum
1070 1883 1318 1982 sententia
1343 1921 1459 2022 quae
1486 1885 1567 2004 sit,

399 2056 580 2197 Usque
606 2059 734 2159 adeo
759 2055 968 2159 confusa
990 2055 1131 2155 venit
1152 2093 1268 2177 vox,
1295 2057 1452 2196 inque
1475 2058 1665 2196 pedita.

469 2224 740 2352 Praeterea,
768 2231 990 2330 edictum
1016 2266 1150 2365 saepe
1175 2268 1337 2330 unum
1361 2233 1554 2368 perciet
1578 2233 1742 2333 aureis

404 2403 663 2509 Omnibus
688 2407 741 2505 in
767 2404 961 2543 pupulo
980 2405 1216 2505 emissum
1240 2406 1488 2542 praeconis
1512 2405 1577 2508 ab
1603 2446 1720 2511 ore:

401 2577 461 2680 ln
489 2581 674 2680 multas
698 2579 858 2716 igitur
880 2617 1027 2681 voees
1050 2618 1151 2681 vox
1174 2617 1279 2680 una
1301 2603 1512 2717 repente

238 2825 242 2833 -
401 2751 642 2894 Diffugit,
669 2755 722 2854 in
747 2755 917 2892 privas
937 2754 1179 2893 quoniam
1204 2793 1257 2854 se
1284 2752 1466 2854 dividit
1489 2756 1668 2876 aureis,

402 2924 695 3071 Obsignans
724 2927 936 3028 formam
962 2926 1145 3048 verbis,
1172 2928 1469 3068 clarumque
1494 2967 1740 3032 sonorem.

469 3099 540 3200 At
566 3138 685 3239 quae
710 3138 828 3238 pars
852 3138 1033 3204 vocum
1059 3141 1160 3203 nou
1188 3102 1353 3201 aureis
1379 3102 1563 3203 accidit
1585 3104 1737 3242 ipsas,

400 3273 701 3376 Praeterlata
725 3276 860 3414 perit
882 3275 1070 3377 frustra
1096 3271 1279 3375 diffusa
1301 3310 1395 3410 per
1419 3312 1594 3378 auras:

399 3448 523 3551 Pars
547 3449 719 3551 solidis
744 3450 904 3550 adlisa
928 3451 1067 3570 locis,
1094 3447 1280 3586 rejecta
1305 3486 1535 3549 sonorem

398 3621 606 3741 Reddit,
634 3646 686 3723 et
708 3624 962 3723 interdum
990 3623 1264 3726 frustratur
1288 3624 1509 3761 imagine
1526 3624 1686 3732 verbi.

472 3796 605 3917 Quae
631 3794 761 3898 bene
788 3835 942 3936 quom
967 3800 1155 3918 videas,
1183 3798 1432 3899 rationem
1451 3798 1665 3900 reddere
1690 3807 1850 3942 possis

398 3969 532 4072 Tute
556 3969 653 4070 tibi
679 3995 836 4111 atque
861 3971 987 4095 aliis,
1015 4010 1119 4112 quo
1143 3996 1294 4111 paeto
1318 4012 1413 4111 per
1435 3974 1545 4076 loca
1569 3979 1675 4079 sola

400 4146 535 4252 Saxa
558 4146 724 4286 pareis
742 4145 927 4247 formas
952 4147 1223 4249 verborum
1249 4187 1314 4249 ex
1339 4147 1516 4248 ordine
1539 4151 1776 4278 reddant,

401 4318 656 4421 Palanteis
680 4320 886 4421 comites
912 4358 1069 4460 quom
1093 4323 1309 4423 monteis
1334 4323 1467 4423 inter
1490 4362 1674 4461 opacos

402 4491 710 4617 Quaerimus,
737 4517 998 4632 etmagna
1025 4496 1276 4636 dispersos
1301 4535 1421 4598 voce
1447 4499 1654 4605 ciemus.

470 4667 575 4769 Sex
600 4669 768 4787 etiam,
795 4689 885 4768 aut
909 4674 1104 4808 septem
1127 4671 1238 4772 loca
1261 4671 1363 4772 vidi
1392 4672 1605 4774 reddere
1630 4715 1795 4801 rosea,

402 4839 574 4945 Unam
602 4876 757 4980 quom
775 4839 999 4978 jaceres:
1039 4845 1109 4944 ita
1134 4847 1287 4946 colles
1312 4847 1526 4947 collibus
1553 4851 1676 4989 ipsis

401 5013 577 5120 Verba
600 5013 917 5152 repulsantes
944 5016 1197 5119 iterabant
1221 5020 1356 5120 dicta
1380 5020 1585 5125 referre.

406 5186 537 5293 Haec
561 5184 673 5292 ldea
694 5189 995 5331 capripedes
1020 5189 1247 5334 Satyros,
1272 5190 1650 5342 Nymphasque
1675 5222 1851 5308 tenere
1903 5270 1906 5277 ·
