4598 6112
524 538 612 644 se
858 550 919 640 r.
982 544 1415 643 Lucnnrrr
1479 541 1688 676 cnut

538 809 762 916 Tantum
789 807 930 947 quod
957 845 1158 910 momen
1184 825 1437 907 mutatum
1462 802 1631 905 dicere
1655 802 1837 940 possis„

611 985 768 1111 Quod
795 986 890 1086 nisi
917 980 1431 1097 declineresolerent,
1457 977 1630 1078 omnia
1651 973 1903 1095 deorsum,

541 1162 727 1265 Imbris
747 1162 821 1262 uti
847 1182 1026 1299 guttae‚
1054 1155 1294 1260 caderent
1315 1190 1409 1293 per
1432 1155 1581 1255 inane
1596 1152 1949 1292 'profundum
1998 1277 2002 1285 ι

542 1337 657 1442 Nee
682 1337 814 1438 foret
834 1333 1056 1435 offensus
1080 1355 1258 1469 natus„
1272 1368 1365 1433 nec
1388 1330 1542 1469 plage
1565 1326 1733 1431 creata
1907 1346 1914 1359 ‘

534 1510 842 1649 Principiis:
881 1509 954 1610 ite
977 1509 1049 1609 nil
1076 1543 1302 1644 unquam
1326 1513 1509 1607 natura
1532 1505 1762 1605 cretsset.

615 1683 770 1809 Quod
797 1687 838 1787 si
863 1684 993 1787 forte
1019 1682 1208 1822 aliquis
1230 1678 1392 1783 credit
1415 1680 1647 1817 graviora
1670 1704 1869 1817 potesse
1971 1803 1973 1807 ¹

545 1855 787 1996 Corpora,
815 1881 920 1996 quo
944 1858 1093 1957 citius
1118 1876 1311 1956 rectum
1335 1891 1429 1991 per
1453 1855 1614 1955 inane
1629 1854 1881 1977 feruntur,
1985 1970 1989 1975 ,

544 2031 776 2136 Incidere
803 2069 831 2131 e
857 2000 1040 2168 supero
1064 2027 1353 2149 levioribus,
1380 2049 1535 2166 etque
1554 2029 1626 2142 ita
1649 2030 1828 2168 plagas

546 2205 788 2348 Gignere‚
816 2242 934 2346 quse
960 2207 1156 2342 possint
1175 2202 1438 2341 genitaleis
1460 2202 1675 2306 reddere
1700 2222 1905 2332 motus3

456 2502 465 2528 ,
542 2381 703 2484 Avius
728 2418 759 2481 s
780 2417 900 2481 vera
922 2379 1075 2516 longe
1095 2378 1288 2479 ratione
1313 2374 1520 2477 recedit.
1660 2411 1671 2426 ’·
1722 2407 1728 2416 ’
1987 2496 1992 2505 1

470 2572 476 2584 ’
543 2553 683 2657 Nam
701 2591 797 2694 per
811 2589 968 2693 equae
984 2588 1309 2693 quaecunque
1323 2549 1530 2674 cadunt,
1547 2573 1701 2692 etque
1716 2557 1834 2657 aera
1847 2590 2034 2680 rarum,

544 2739 675 2843 Haec
699 2775 794 2879 pre
818 2734 1142 2878 ponderibus·
1156 2769 1300 2838 cesus
1323 2735 1543 2842 celerare
1567 2776 1770 2842 necesse
1796 2764 1888 2863 est,

541 2912 835 3053 Propterea,
863 2915 985 3054 quie
1008 2949 1192 3051 corpus
1216 2949 1382 3053 aquae,
1403 2932 1696 3051 naturaque·
1713 2917 1883 3027 tenuis
1931 2951 1936 2964 ·

539 3093 691 3192 Aeris
717 3089 853 3193 haud
880 3110 1096 3229 possunt
1118 3129 1268 3230 aeque
1292 3128 1399 3191 rem
1425 3121 1687 3227 quamque
1711 3092 1927 3193 morari:

542 3261 645 3362 Sed
672 3263 821 3365 citius
845 3264 1036 3365 cedunt
1059 3263 1375 3402 gravioribus
1399 3276 1715 3403 exsuperata.

539 3434 613 3538 At
637 3460 813 3540 contra
838 3439 966 3540 nulli
993 3438 1058 3539 de
1082 3437 1226 3538 nulla
1248 3459 1410 3574 perte,
1437 3470 1608 3572 neque
1635 3438 1741 3540 ullo

539 3607 793 3752 Tempore
817 3613 967 3716 inane
991 3632 1162 3753 ‘potest
1184 3626 1400 3713 vacuum
1424 3612 1696 3717 subsistere
1715 3617 1823 3737 reii,
1953 3642 1958 3650 ’

367 3808 372 3816 ’
542 3783 704 3909 Quin,
732 3822 822 3891 sun
848 3789 987 3929 quod
1009 3813 1192 3892 natura
1215 3791 1366 3927 petit
1388 3793 1665 3896 concedere
1690 3814 1902 3931 pergat:
2010 3827 2013 3831 ·

512 4070 517 4079 .
542 3959 733 4064 Omnia
758 3985 1074 4103 quapropter
1096 3963 1289 4067 debent'
1312 4003 1406 4104 per
1429 3967 1580 4070 inane
1606 3968 1840 4108 quietum
1885 3986 1888 3994 '
2063 4024 2074 4040 ·
2164 4079 2171 4087 ,

540 4133 715 4273 AEque
740 4135 1056 4274 ponderibus
1081 4176 1182 4239 non
1207 4141 1376 4280 aeqnis
1396 4142 1752 4279 conciteferri.

432 4352 435 4356 ·
542 4306 701 4409 Haud
725 4310 882 4447 igitur
907 4310 1151 4449 poterunt
1174 4313 1448 4419 levioribus
1471 4286 1697 4421 incidere
1722 4359 1952 4459 unquam

541 4482 622 4585 Ex
648 4520 833 4622 supero
858 4488 1105 4622 graviore,
1131 4525 1302 4625 neque
1328 4490 1457 4589 ictus
1481 4493 1693 4628 gignere
1719 4531 1811 4632 per
1835 4534 1903 4616 se,
1966 4526 1973 4542 ·

540 4656 646 4778 Qui
671 4657 871 4760 varient
892 4683 1078 4780 motus,
1106 4699 1201 4800 per
1225 4701 1355 4803 quos
1380 4689 1564 4768 natura
1588 4694 1735 4807 gerat
1759 4690 1854 4776 res,

610 4831 784 4954 Quare
792 4835 944 4934 etiarn
963 4859 1118 4976 atque
1134 4839 1286 4940 etiarn
1295 4843 1526 4977 paullum
1540 4808 1727 4951 clinare
1743 4886 1944 4951 necesse
1957 4872 2036 4952 est

540 5005 783 5146 Corpora,
810 5047 904 5112 nec
928 5012 1046 5149 plus
1071 5052 1226 5154 quam
1251 5018 1535 5138 minimum,
1555 5058 1620 5120 ne
1644 5020 1841 5160 fingere
1864 5045 2033 5127 motus

434 5230 440 5237 ·
540 5180 1106 5324 Obliquosvidearnur,
1131 5213 1186 5290 ct
1204 5189 1261 5291 id
1286 5228 1367 5292 res
1391 5231 1510 5296 vera
1531 5194 1737 5301 refutet.
1831 5278 1845 5301 .
2018 5306 2026 5315 ,
