4598 6112
414 448 516 596 eia
758 508 816 594 r.
886 499 1318 593 nuenarrr
1383 503 1595 595 cani

416 763 522 885 Qui
549 785 704 901 queat
730 764 913 867 aestivis
938 763 1092 862 solem
1116 758 1387 863 detrudere
1407 766 1563 905 signis

414 937 698 1039 Brurneleis
728 938 974 1076 usquead
1004 939 1184 1057 flexae,
1211 937 1544 1077 gelidumque
1570 941 1820 1079 rigorem:

281 1194 286 1201 .
415 1110 484 1213 Et
510 1113 599 1249 qui
626 1113 819 1249 rejiciat
843 1113 1024 1252 gelidis
1051 1152 1079 1212 a
1104 1082 1525 1250 frigoris'umbris
1615 1136 1619 1141 '

410 1285 679 1388 AEstiferas
706 1326 867 1426 usque
893 1290 945 1387 in
971 1288 1174 1425 parteis
1203 1311 1255 1386 et
1277 1287 1470 1401 fervide
1496 1290 1655 1426 signa.

413 1459 483 1565 Et
507 1467 700 1566 ratione
726 1467 835 1602 pari
868 1467 1055 1583 lunam,
1083 1464 1354 1601 stellasque
1380 1466 1664 1602 putandum
1692 1488 1782 1585 est,

412 1635 546 1760 Quae
571 1640 782 1740 volvunt
807 1678 1016 1778 magnos
1043 1640 1095 1739 in
1123 1639 1318 1776 magnis
1344 1635 1553 1740 orbibus
1567 1678 1751 1758 annos,

404 1811 630 1914 Aeribus
656 1852 802 1951 posse
829 1815 1036 1915 alternis
1055 1854 1084 1912 a
1109 1813 1340 1951 partibus
1366 1814 1454 1914 ire.

275 1974 282 1989 .
409 1985 598 2090 Nonne
627 1990 764 2090 vides
789 1993 939 2090 etiam
969 1992 1179 2091 diversis
1206 1985 1380 2088 nubila
1407 1989 1568 2088 ventis

408 2160 646 2266 Diversus
675 2167 744 2263 ire
771 2167 821 2265 in
850 2170 1053 2304 parteis,
1083 2164 1279 2266 inferna
1304 2165 1567 2300 supernis?

407 2336 513 2458 Qut
541 2340 706 2440 minus
735 2341 820 2440 illa
847 2365 1040 2478 queant
1066 2379 1157 2478 per
1181 2376 1391 2474 magnos
1416 2337 1618 2441 aetlreris
1644 2338 1811 2442 orbeis
1895 2352 1899 2359 '

404 2512 640 2671 AEstibus
668 2517 802 2615 iuter
827 2555 878 2616 se
906 2517 1113 2617 diversis
1138 2514 1301 2616 sidera
1327 2513 1478 2615 ferril

474 2690 545 2789 At
571 2730 674 2789 nox
704 2689 877 2793 obruit
902 2692 1098 2828 ingenti
1125 2690 1340 2828 ealigine
1366 2711 1539 2811 terras

402 2866 512 2965 Aut
542 2863 625 2964 ubi
656 2862 718 2963 do
747 2865 900 3005 longo
925 2903 1074 2966 eursu
1104 2865 1176 2965 sol
1203 2864 1392 2964 extima
1417 2866 1528 2965 eoeli

403 3037 633 3177 Impulit,
660 3062 817 3175 atque
844 3037 1171 3153 suos‚efflevit
1196 3037 1471 3177 languidus
1497 3039 1660 3175 igneis

404 3212 686 3357 Coneussos
712 3215 853 3334 itere,
875 3237 926 3312 et
951 3192 1223 3314 lalrefactos
1250 3215 1585 3316 aero-multo:

403 3390 509 3491 Aut
533 3390 656 3529 quia
682 3385 777 3489 sub
803 3411 961 3487 terras
987 3374 1190 3487 cursum
1216 3391 1669 3528 convertereeogit

398 3564 490 3671 Vis
517 3564 711 3685 eadem,
740 3600 924 3704 supera
947 3584 1107 3663 terras
1133 3601 1251 3701 quae
1277 3566 1491 3702 pertulit
1514 3564 1706 3672 orbem.
1794 3690 1807 3711 ·

465 3740 721 3883 Tempore
749 3744 870 3843 item
896 3762 1033 3841 certo
1061 3777 1254 3839 roseam
1283 3737 1488 3840 Matuta
1514 3779 1607 3878 per
1631 3783 1744 3845 oras

396 3916 625 4023 AEtheris
650 3955 884 4019 auroram
910 3915 1093 4035 defert,
1120 3936 1172 4014 et
1196 3916 1389 4016 lumina
1414 3918 1612 4054 pandit,

395 4096 504 4199 Aut
531 4095 654 4235 quia
678 4095 751 4195 sol
778 4093 913 4193 idem
941 4089 1037 4192 sub
1063 4113 1223 4191 terras
1246 4089 1332 4190 ille
1360 4114 1615 4193 revertens

396 4272 661 4409 Antioipat
685 4268 866 4371 eoelum
893 4268 1048 4369 radiis
1073 4265 1348 4368 accendere
1373 4288 1604 4370 tentans:

395 4448 503 4551 Aut
530 4447 651 4587 quia
678 4447 986 4547 conveniunt
1014 4448 1172 4583 ignes,
1199 4464 1251 4540 et
1276 4442 1467 4542 semina
1492 4445 1656 4545 multa
1725 4558 1730 4565 ¹

398 4622 673 4729 Conlluero
700 4620 893 4723 ardoris
918 4648 1227 4727 consuerunt
1253 4648 1481 4763 tempore
1507 4654 1689 4750 certos

397 4798 530 4921 (line
560 4798 751 4901 litoiunt
777 4799 895 4899 solis
920 4838 1048 4900 nova
1075 4838 1273 4938 semper
1299 4800 1493 4901 lumina
1516 4806 1676 4942 gigni.

398 4972 552 5095 Quod
580 5010 742 5111 genus
763 4968 915 5074 ldaeis
941 4972 1076 5075 fuum
1102 5000 1179 5077 est
1203 5016 1231 5076 e
1257 4976 1515 5081 montibus
1540 4982 1655 5083 altis

398 5148 665 5289 Dispersos
694 5149 854 5289 igneis
880 5149 1061 5253 orienti
1089 5152 1282 5257 lumine
1307 5157 1476 5279 cerni3
