4598 6112
723 531 999 622 mnan
1063 530 1571 659 sncunnns„
1717 545 1719 549 ’
1797 524 1894 658 79·

402 787 756 891 Formamenta
779 814 979 931 queunt
1004 791 1057 936 in
1083 792 1261 929 quovis
1280 828 1386 889 esse
1415 793 1606 913 nitore3

403 960 510 1108 Cur
534 1004 608 1085 ea,
637 1004 755 1104 quae
780 986 1011 1065 constant
1036 952 1099 1065 cx
1122 965 1238 1084 illis,
1263 1001 1365 1065 non
1392 967 1582 1101 pariter
1606 970 1725 1067 sunt

403 1135 707 1275 Omnigenis
731 1139 936 1276 perfusa
961 1137 1212 1239 coloribus
1236 1141 1288 1238 in
1315 1148 1500 1284 genere
1526 1142 1728 1242 omnilz
1801 1263 1807 1278 ι

403 1309 751 1411 Conveniebat
774 1313 909 1412 enim
936 1340 1108 1413 corvos
1129 1351 1336 1453 quoque
1361 1352 1495 1450 saepe
1521 1315 1764 1418 volenteis
1802 1301 1806 1313 ⁸
1858 1322 1863 1331 ’

401 1485 481 1588 Ex
507 1487 635 1588 albis
662 1487 833 1588 album
860 1489 1251 1626 pennis'jactare
1277 1489 1512 1606 colorem,

401 1659 471 1761 Et
490 1657 668 1799 nigros
692 1663 802 1763 fieri
827 1665 972 1801 nigro
999 1663 1063 1763 de
1088 1663 1277 1764 semine
1302 1701 1501 1801 cycnos,

397 1833 508 1936 Aut
526 1835 624 1935 alio
649 1837 828 1974 quovis
852 1875 973 1956 uno,
998 1839 1245 1975 varioque
1265 1833 1521 1938 colore.

349 2079 358 2092 ·
471 2006 785 2128 Quinetiam
811 2016 1007 2148 quanto
1024 2013 1077 2110 in
1101 2013 1288 2148 parteis
1308 2045 1392 2120 res
1419 2050 1640 2152 quaeque
1662 2020 1896 2207 minutas·

399 2183 723 2285 Distrahitur
736 2186 918 2322 magis,
946 2182 1041 2285 hoc
1062 2188 1222 2346 magis
1247 2208 1408 2287 estut
1431 2226 1633 2296 cernere
1657 2195 1867 2409 possis
1917 2267 1920 2276 ι
1944 2218 1947 2223 “

399 2355 711 2461 Evanescere
735 2361 1018 2498 paullatim,
1045 2361 1338 2497 stinguique
1362 2361 1710 2497 colorem;
1657 2438 1668 2459 ,
1795 2372 1800 2383 '
1849 2369 1854 2380 ’

398 2531 474 2635 Ut
497 2534 557 2633 fit
581 2533 707 2634 ubi
695 2573 748 2635 m
772 2571 954 2671 parvas
978 2534 1166 2671 parteis
1185 2533 1490 2672 discerpitur
1514 2574 1792 2659 aurum,

397 2704 650 2845 Purpura,
671 2709 1038 2846 poeniceusque
1058 2709 1196 2810 color
1216 2710 1521 2812 clarissimus
1546 2700 1727 2829 multo,
1855 2708 1869 2717 ”

400 2883 599 2984 Filatim
620 2922 775 3023 quom
803 2884 1070 2984 distractus
1095 2883 1406 3021 disperditur
1429 2872 1621 2987 omnis:
1663 2886 1665 2891 ⁴
1857 2880 1860 2887 ’

356 3141 361 3150 .
400 3055 627 3181 Noscere
652 3043 712 3156 ut
727 3056 852 3157 hinc
877 3061 1052 3196 pessis,
1078 3058 1221 3196 prius
1244 3062 1445 3159 omnem
1470 3060 1639 3161 efflare
1660 3060 1885 3166 colorent

397 3230 694 3353 Particulas,
721 3254 876 3370 quam
890 3230 1164 3341 ¹discedant
1187 3230 1253 3331 ad
1278 3233 1470 3332 semina
1493 3271 1678 3338 rerumr

381 3415 383 3420 ’
467 3405 746 3544 Postremo,
778 3406 1018 3544 quoniam
1043 3444 1145 3505 non
1171 3407 1341 3515 omnia
1365 3444 1577 3544 corpora
1598 3409 1804 3515 vocem

399 3582 608 3686 Mittere
633 3580 881 3702 concedis,
908 3618 1076 3719 neque
1100 3577 1338 3703 odorem;
1371 3577 1744 3734 proptereafit,
1773 3630 1774 3635 Ν
1843 3558 1866 3607 ³

240 3772 249 3782 '
399 3758 475 3862 Ut
500 3797 600 3876 non
626 3756 860 3858 omnihus
887 3753 1132 3854 attribuas
1151 3756 1361 3877 sonitus,
1388 3780 1440 3857 et
1463 3757 1672 3858 odores:
1698 3832 1705 3850 ,

399 3930 499 4052 Sic,
526 3933 685 4033 oculis
712 3932 951 4068 quoniam
978 3967 1079 4029 non
1105 3932 1273 4031 omnia
1297 3929 1501 4031 cernere
1527 3931 1748 4068 quimus,
1815 4039 1817 4044 ,
1887 3943 1891 3952 ’

398 4105 537 4208 Scire
560 4106 695 4225 licet,
722 4103 1091 4243 quaedamtam
1113 4127 1339 4205 constare
1358 4103 1483 4204 orba
1500 4105 1681 4223 colore,
1706 4103 1712 4111 ’
1761 4104 1765 4113 ’

399 4277 567 4400 Quam
594 4280 701 4379 sine
724 4278 879 4408 odore
902 4278 1011 4378 ullo
1034 4276 1287 4415 quaedanr,
1314 4278 1585 4416 sonituque¹
1607 4298 1828 4390 remota:

399 4453 514 4555 Nec
540 4455 705 4555 minus
730 4451 840 4555 haec
857 4454 1082 4554 animum
1106 4453 1406 4588 cognoscere
1423 4487 1577 4588 posse
1597 4487 1843 4589 sagacem,
1888 4518 1893 4525 -

401 4626 571 4749 Quam
596 4666 714 4767 quae
739 4651 859 4728 sunt
882 4628 992 4728 aliis
1015 4624 1167 4727 rebus
1184 4625 1395 4760 privata,
1430 4624 1692 4762 notisque
1743 4631 1748 4638 ’

470 4800 573 4903 Sed
596 4800 662 4901 ire
686 4778 817 4901 forte
840 4823 989 4938 putes
1016 4800 1121 4927 solo
1146 4799 1360 4936 spoliata
1384 4799 1554 4900 colore
1657 4882 1661 4889 .

402 4973 633 5114 Corpora
654 4977 820 5112 prima
842 5011 1044 5073 manere
1062 5015 1075 5098 ;
1104 4975 1256 5073 etiam
1282 4993 1473 5073 secreta
1494 4972 1686 5109 teporis

400 5147 546 5268 Sunt,
575 5132 640 5248 ac
656 5145 857 5284 frigoris
877 5148 1098 5268 omnino,
1126 5146 1379 5286 calidique
1402 5147 1619 5282 saporis,
