4620 6106
481 434 580 527 lau
787 436 846 524 T.
911 435 1342 527 LUCRETII
1405 434 1616 528 CARI

473 697 575 800 Sed
602 696 740 798 velut
766 696 815 795 iu
845 731 1009 815 cavea,
1029 731 1123 832 per
1148 733 1200 796 se
1227 692 1322 841 sibi
1346 696 1512 798 vivere
1538 695 1695 796 solam

473 869 738 990 Convenit,
768 891 824 969 ut
847 905 993 968 sensu
1021 889 1204 1008 eorpus
1228 892 1395 970 tamen
1423 870 1618 972 adfluat
1640 910 1805 974 omne.

473 1043 646 1168 Quare
671 1048 823 1147 etiam
844 1066 998 1183 atque
1024 1046 1176 1145 etiarn
1195 1084 1288 1146 nec
1314 1044 1523 1184 originis
1549 1076 1655 1146 esse
1675 1030 1965 1184 putandum
2005 1061 2011 1074 '

612 1247 688 1324 est

410 1401 412 1404 ’
473 1395 744 1536 Experteis
769 1398 976 1516 animas,
1004 1436 1095 1496 neo
1120 1393 1246 1494 lethi
1269 1394 1384 1532 lege
1410 1393 1612 1493 solutas.

469 1570 614 1675 'Nam
638 1611 808 1711 neque
831 1595 1095 1711 tantopere
1115 1570 1314 1672 adnecti
1342 1569 1565 1706 potuisse
1586 1563 1874 1704 putandum
1889 1584 1964 1664 est

475 1745 788 1885 Corporibus
814 1751 997 1849 nostris
1021 1749 1333 1848 extrinsecus
1358 1742 1666 1842 insinuatas:
1791 1745 1794 1748 ’

476 1918 630 2041 Quod
660 1923 768 2023 lieri
793 1945 958 2022 totum
985 1944 1160 2022 eontra
1184 1917 1448 2019 manifesta
1474 1914 1623 2015 docet
1640 1952 1734 2014 res,

475 2094 719 2237 Namque
744 2101 816 2198 ita
840 2136 1067 2197 connexa
1092 2119 1168 2197 est
1192 2134 1284 2234 per
1305 2131 1474 2212 venas,
1500 2091 1706 2210 viscera,
1733 2125 1927 2207 neruos,

476 2260 726 2412 Ossaque,
754 2274 829 2373 uti
858 2272 1035 2372 dentes
1062 2309 1269 2411 quoque
1296 2307 1444 2370 sensu
1470 2268 1869 2405 participentur3

475 2441 693 2546 Morbus
718 2469 778 2547 ut
803 2447 1007 2567 indicat,
1035 2469 1088 2546 et
1111 2443 1298 2584 gelidai
1324 2446 1545 2582 stringor
1570 2451 1741 2584 aquai,

477 2618 546 2720 Et
570 2620 699 2758 lapis
724 2657 994 2759 oppressus
1020 2621 1216 2723 subitus
1240 2658 1268 2719 e
1293 2620 1528 2759 frugibus
1554 2658 1733 2758 asper:

477 2792 591 2897 Nec
617 2820 720 2896 tam
747 2819 999 2899 contextae
1026 2834 1181 2935 quom
1208 2797 1323 2916 sint,
1345 2797 1482 2895 exire
1500 2794 1741 2896 videntur

477 2969 764 3073 Incolumes
791 2934 952 3109 posse,
979 2993 1032 3071 et
1056 2971 1213 3071 salvas
1240 2972 1495 3072 exsolvere
1523 3009 1628 3072 sese
1760 2991 1764 2998 “

478 3144 736 3247 Omnibus
762 3186 790 3246 e
817 3147 999 3266 nervis,
1028 3167 1183 3284 atque
1210 3143 1421 3266 ossibuS,
1448 3147 1789 3286 articulisque.

548 3316 700 3438 Quod
730 3322 770 3422 si
796 3319 925 3420 forte
950 3344 1101 3458 putas
1127 3319 1439 3421 extrinsecus
1464 3321 1769 3422 insinuatam

477 3491 781 3596 Permanere
808 3496 1027 3596 animam
1053 3494 1198 3595 nobis
1223 3531 1316 3632 per
1335 3493 1563 3643 membra
1593 3496 1769 3610 solere,

475 3669 642 3772 'l'anto
669 3672 896 3812 quoique
922 3671 1081 3804 magis
1101 3706 1216 3769 cum
1243 3706 1451 3805 corpore
1472 3669 1583 3770 fusa
1608 3668 1797 3806 peribit
1813 3713 1827 3794 3
1953 3760 1957 3766 .
2058 3753 2061 3758 .

478 3841 631 3966 Quod
656 3870 919 3984 permanat
944 3847 1096 3964 enim,
1131 3844 1448 3945 dissolvitur:
1488 3844 1664 3943 interit
1687 3883 1826 3983 ergo.

399 4114 403 4121 .
479 4017 761 4157 Dispertita
788 4059 908 4159 ergo
933 4057 1026 4158 per
1051 4019 1219 4119 caulas
1245 4019 1469 4157 corporis
1493 4019 1686 4119 omneis

479 4192 581 4328 (Ut
595 4194 737 4296 cibus
752 4193 1054 4296 inmembra
1068 4216 1221 4333 atque
1238 4217 1375 4294 artus
1397 4231 1553 4333 quom
1569 4192 1764 4292 diditur
1777 4195 1969 4296 omneis

481 4366 727 4506 Disperit,
755 4393 907 4508 atque
928 4369 1077 4469 aliam
1105 4391 1340 4468 naturam
1367 4367 1553 4468 suffieit
1570 4406 1635 4467 ex
1662 4368 1758 4502 se),

479 4543 563 4645 Sic
583 4545 748 4645 anima
762 4558 924 4683 ¹atque
951 4544 1164 4663 animus
1195 4544 1424 4682 quamvis
1449 4544 1650 4681 integra
1675 4582 1850 4645 recens
1876 4544 1932 4646 in
2012 4524 2017 4531 ⁵

480 4714 680 4856 Corpus
705 4741 845 4836 eunt,
873 4741 1043 4818 tamen
1068 4717 1121 4817 in
1149 4717 1403 4818 manando
1428 4717 1787 4839 dissolvuntur,

460 4888 619 4991 ·Dum
639 4864 793 5031 'quasi
812 4931 905 5030 per
923 4895 1091 4995 caulas
1109 4893 1301 4994 omneis
1321 4892 1571 4993 diduntur
1589 4893 1641 4992 in
1661 4916 1801 4995 artus

403 5184 411 5199 .
477 5062 747 5169 Particulae
770 5064 960 5207 quibus
979 5067 1090 5171 haeo
1118 5067 1274 5170 animi
1292 5078 1473 5168 natura
1492 5050 1692 5170 ereatui
