4598 6112
1396 321 1408 367 l

271 425 274 428 ἢ
422 493 524 595 stu
722 472 1597 659 'utucunruonm
1699 478 1728 639 ᾗ

391 749 395 758 i
423 760 590 863 Strata
615 756 802 859 cubilia
826 780 945 858 sunt
970 756 1156 877 herbiS,
1183 781 1235 858 et
1259 759 1528 865 frondibus
1554 789 1719 870 aucta.

420 934 574 1036 Pellis
598 934 719 1032 item
745 933 942 1053 cecidit,
968 933 1120 1032 vestis
1146 960 1436 1076 contempta
1459 941 1620 1045 ferina
1645 968 1736 1067 est,

419 1108 589 1230 Quam
615 1148 728 1209 reor
752 1108 942 1209 invidia
966 1110 1056 1208 tali
1081 1132 1203 1210 tunc
1229 1151 1335 1212 csse
1361 1140 1630 1253 repertam,

417 1281 493 1386 Ut
517 1283 713 1384 lethum
738 1282 948 1400 insidiis,
977 1283 1066 1420 qui
1092 1284 1247 1421 gessit
1271 1288 1481 1423 primns
1508 1291 1702 1418 obirct3

418 1457 717 1560 Ettandcm
742 1460 982 1558 intereos
1009 1456 1320 1582 distractum,
1347 1466 1595 1604 sanguine
1621 1469 1784 1571 multo

416 1631 743 1772 Dispersisse,
771 1671 941 1771 neque
967 1632 1019 1731 in
1045 1631 1269 1735 fructum
1295 1665 1586 1744 convertere
1612 1647 1795 1784 qulsse.

484 1807 632 1910 Tunc
656 1808 815 1945 igitur
838 1806 1013 1942 pelleS,
1041 1842 1176 1906 nunc
1201 1848 1400 1934 aurum,
1422 1839 1474 1914 et
1497 1855 1730 1956 purpura
1754 1822 1888 1923 curis

417 1985 675 2088 Exercent
698 1982 963 2084 bominum
987 1983 1159 2103 vitam,
1185 1983 1426 2127 belloque
1451 1988 1698 2130 fatigant:

415 2160 534 2283 Quo
559 2163 720 2300 magis
745 2163 798 2261 in
824 2161 969 2261 nobis
995 2165 1082 2297 (ut
1106 2154 1492 2300 opinor)'culpa
1516 2167 1707 2272 residit.

414 2337 597 2478 Frigus
621 2338 755 2438 enim
781 2335 946 2437 nudos
972 2339 1078 2437 sine
1103 2334 1325 2475 pellibus
1350 2340 1676 2444 excruciabat

408 2511 744 2653 Terrigenas:
784 2535 836 2612 at
860 2550 951 2612 nos
976 2511 1050 2611 nil
1075 2511 1219 2613 laedit
1242 2535 1380 2614 veste
1406 2553 1576 2617 carere

410 2689 692 2830 Purpurea,
720 2709 872 2826 atque
898 2723 1038 2805 auro,
1067 2686 1327 2823 signisque
1352 2688 1647 2826 ingentibus
1673 2717 1792 2832 apta
1807 2739 1822 2820 3

299 2922 302 2927 ·
410 2863 552 2971 Dum
578 2862 781 3004 plebeia
804 2885 973 2962 tamen
999 2861 1078 2979 sit,
1107 2896 1226 2997 quae
1253 2859 1526 2993 defendere
1553 2867 1738 3002 possit:

409 3038 549 3180 Ergo
576 3032 839 3141 hominum
864 3075 1026 3176 genus
1051 3038 1302 3134 incassum
1328 3033 1620 3176 frustraque
1646 3038 1861 3164 laborat,

409 3216 623 3355 Semper
647 3213 774 3313 etin
801 3211 936 3311 curis
962 3207 1213 3310 consumit
1239 3205 1477 3309 inanibus
1503 3238 1662 3312 aevom
1677 3251 1693 3337 3

407 3354 687 3508 Nimirum,
716 3385 838 3525 quia
863 3422 964 3483 non
991 3382 1243 3520 cognovit,
1272 3420 1389 3520 quae
1416 3385 1481 3483 sit
1505 3382 1729 3487 habendi

406 3565 562 3685 Finis,
590 3585 642 3662 et
665 3559 872 3661 omnino
898 3554 1068 3696 quoad
1094 3578 1284 3656 crescat
1305 3596 1424 3659 vera
1447 3559 1711 3697 voluptas:
1731 3696 1735 3701 ‚

405 3739 573 3881 quue
600 3735 890 3839 minutatim
914 3735 1068 3834 vitam
1092 3734 1326 3871 provexit
1350 3735 1402 3833 in
1430 3734 1607 3856 altum,

405 3912 476 4018 Et
502 3914 622 4014 belli
650 3948 859 4050 magnos
884 3909 1155 4009 commovit
1179 3905 1410 4010 funditus
1436 3931 1604 4011 aestus.

472 4087 545 4190 At
567 4087 746 4226 vigiles
771 4081 952 4184 mundi
978 4118 1220 4219 magnum
1245 4102 1298 4189 et
1322 4088 1553 4190 versatile
1577 4090 1830 4230 templum

405 4261 492 4365 Sol
518 4287 571 4367 et
595 4264 718 4364 luna
743 4299 833 4362 suo
857 4260 1128 4362 lustrantes
1153 4261 1346 4364 lumine
1372 4263 1562 4363 circum

403 4437 721 4542 Perdocuere
747 4433 976 4539 homines
1002 4471 1251 4535 annorum
1274 4459 1505 4574 tempora
1522 4436 1686 4538 ‘vertit

403 4613 473 4721 Et
498 4637 636 4715 certa
658 4610 852 4711 ratione
877 4610 985 4745 geri
1013 4645 1136 4727 rem,
1164 4592 1319 4748 atque
1343 4600 1521 4710 ordine
1547 4633 1700 4715 certo.

471 4788 504 4894 J
508 4829 588 4891 arn
614 4782 792 4889 validis
818 4781 947 4922 septi
975 4781 1231 4922 degebant
1254 4783 1480 4886 turribus
1505 4823 1681 4900 aevom‚

402 4962 473 5070 Et
498 4967 654 5068 divisa
679 4961 958 5083 colebatur,
987 4962 1304 5100 discretaque
1328 4957 1509 5060 tellus:
1578 4926 1584 4933 .

397 5139 536 5264 Turn
561 5179 697 5242 mare
726 5140 994 5244 velivolum
1018 5134 1233 5242 florebat
1257 5135 1469 5239 navibus
1493 5136 1704 5281 pandis3
