4598 6112
623 492 688 592 16
940 507 999 595 Τ.
1067 504 1497 595 LUCRETII
1561 504 1774 595 CARI

621 763 734 865 Nee
759 803 896 864 mare
921 802 1040 903 quae
1065 765 1362 909 impendent
1385 803 1530 865 vesco
1554 766 1655 865 sale
1681 805 1801 866 saxa
1826 762 2018 904 peresa,

617 937 761 1058 Quid
789 978 998 1079 quoque
1024 941 1259 1039 amittant
1283 941 1335 1038 in
1361 961 1605 1075 tempore,
1632 978 1836 1041 cernere
1860 946 2035 1079 possis.

619 1111 932 1249 Corporibus
956 1115 1100 1213 caecis
1125 1114 1283 1249 igitur
1306 1135 1489 1212 natura
1512 1116 1646 1249 gerit
1668 1153 1764 1215 res.

691 1285 805 1386 Nec
830 1311 997 1387 tamen
1025 1287 1255 1425 undique
1281 1324 1521 1422 corporea
1545 1287 1729 1424 stipata
1755 1312 1994 1390 tenentur

617 1455 808 1559 Omnia
831 1482 1028 1578 natura,
1056 1497 1277 1597 namque
1301 1481 1378 1558 est
1400 1459 1451 1558 in
1478 1457 1631 1559 rebus
1648 1498 1858 1591 urrann:

613 1625 773 1752 'Quod
799 1635 892 1734 tibi
919 1622 1157 1771 eogndsse
1182 1635 1234 1731 in
1262 1634 1433 1732 multis
1458 1635 1555 1732 erit
1581 1634 1703 1732 utile
1728 1633 1882 1755 rebus
1898 1648 1922 1760 ;¹

618 1805 733 1907 Nee
758 1810 887 1908 sinet
912 1830 1160 1907 errantem
1189 1806 1439 1927 dubitare,
1465 1830 1517 1907 et
1542 1847 1771 1945 quaerere
1796 1850 1996 1950 semper

615 1981 699 2083 De
725 2022 920 2084 summa
945 2021 1130 2103 rerum,
1157 1986 1210 2083 et
1233 1985 1415 2083 nostris
1441 1983 1670 2082 diffidere
1696 1984 1872 2086 dietis:

612 2158 944 2296 Quapropter
967 2158 1108 2258 locus
1127 2179 1203 2256 est
1228 2159 1462 2273 intactus),
1490 2153 1665 2274 Inane,
1692 2191 1994 2298 vacansque.

693 2331 847 2452 Quod
876 2334 1043 2431 sinon
1071 2340 1216 2449 esset,
1244 2331 1385 2430 nulla
1409 2332 1602 2429 ratione
1628 2334 1815 2431 moveri
2004 2302 2012 2321 ¹

609 2505 712 2607 Res
738 2529 973 2644 possent3
1013 2518 1233 2642 namque
1258 2503 1497 2621 officium,
1525 2504 1664 2640 quod
1691 2508 1914 2643 corporis
1937 2533 2093 2632 extat,

611 2678 848 2799 0fficere,
875 2703 1030 2818 atque
1056 2675 1272 2795 obstare,
1299 2675 1352 2774 id
1376 2676 1431 2774 in
1456 2678 1847 2815 omnitempore
1872 2680 2070 2784 adesset

611 2851 896 2953 Omnibus:
935 2851 1072 2952 haud
1099 2852 1257 2988 igitur
1281 2849 1564 2988 quidquam
1589 2852 1864 2997 proeedere
1889 2880 2075 2994 posset,

607 3026 923 3166 Principium
945 3029 1184 3166 quoniam
1211 3025 1423 3127 cedendi
1450 3025 1593 3126 nulia
1618 3024 1763 3125 daret
1788 3064 1881 3128 res.
1983 3047 1989 3055 '

607 3202 676 3302 At
702 3242 836 3302 nunc
863 3241 955 3339 per
980 3204 1151 3320 maria,
1179 3240 1237 3301 ac
1261 3223 1436 3320 terras,
1462 3200 1783 3336 sublimaque
1808 3201 1936 3324 coeli,

607 3372 778 3475 Multa
804 3374 965 3473 modis
989 3375 1160 3475 multis
1184 3377 1321 3476 varia
1338 3376 1531 3475 ratione
1557 3377 1744 3474 moveri

608 3549 878 3651 Cernimus
903 3572 1019 3648 ante
1045 3550 1245 3672 oculos3
1285 3587 1418 3686 qnae,
1447 3551 1486 3648 si
1514 3589 1615 3651 non
1642 3576 1773 3652 esset
1798 3551 1975 3678 Inane,

605 3719 853 3824 Non'tam
878 3723 1090 3822 sollicito
1115 3745 1255 3823 motu
1275 3725 1469 3859 privata
1489 3751 1745 3851 carerent3

604 3898 774 4019 Quam
794 3899 967 4037 genita
991 3896 1195 3995 omnino
1220 3896 1360 3995 nulla
1378 3897 1572 3995 ratione
1592 3896 1833 4005 fuissent:
1890 3951 1896 3957 ·

603 4070 850 4212 Undique
877 4071 1108 4172 materies
1127 4071 1366 4208 quoniam
1394 4072 1579 4207 stipata
1604 4075 1840 4211 quiesset.
1951 4094 1956 4101 ’

670 4247 938 4368 Praeterea,
967 4245 1195 4386 quamvis
1218 4244 1394 4342 solidae
1421 4283 1499 4344 res
1525 4285 1629 4346 esse
1648 4272 1910 4385 putentur,

602 4423 738 4524 Hine
763 4445 929 4521 tamen
958 4460 1062 4520 esse
1089 4418 1206 4518 licet
1230 4456 1343 4517 raro
1368 4456 1481 4520 cum
1511 4458 1718 4556 corpore
1744 4464 1946 4529 cernas:
2039 4418 2044 4425 ⁸

598 4598 657 4698 ln
685 4597 834 4715 saxis,
859 4634 916 4694 ac
936 4593 1187 4731 speluncis
1212 4617 1474 4728 permanat
1497 4632 1745 4732 aquarum

600 4769 851 4907 Liquidus
872 4765 1068 4886 humor,
1090 4789 1141 4865 et
1166 4765 1407 4868 uberibus
1433 4770 1559 4868 ssent
1582 4773 1753 4871 omnia
1776 4777 1960 4911 guttis:

598 4943 846 5080 Dissupat
865 4944 915 5042 in
943 4979 1126 5079 eorpus
1152 4921 1257 5041 sese
1277 4940 1421 5049 cibus
1439 4981 1587 5042 omne
1613 4949 1953 5052 animantum:
2028 5054 2030 5059 ,

596 5115 849 5215 Crescunt
866 5117 1087 5236 arbusta,
1108 5137 1160 5214 et
1178 5114 1328 5214 foetus
1347 5116 1399 5213 in
1419 5136 1645 5254 tempore
1664 5119 1904 5242 fundunt,
