4598 6112
397 550 500 661 972
724 549 783 636 Τ.
851 541 1289 634 LUCRETII
1355 543 1571 635 CARI

405 813 540 916 Saxa
562 808 753 926 furens,
782 812 887 943 qua
910 803 1177 941 contingit,
1203 825 1513 942 terramque,
1538 825 1591 905 et
1614 800 1680 903 ab
1704 802 1818 903 ollis

408 985 649 1090 Excussit
672 980 893 1082 calidum
919 981 1136 1081 flammis
1159 980 1416 1082 velocibus
1440 981 1643 1117 ignem3

396 1162 555 1266 Tollit
580 1198 648 1280 se,
675 1197 732 1258 ac
757 1158 906 1258 rectis
930 1156 1002 1254 ita
1025 1152 1256 1255 faucibus
1281 1153 1418 1290 ejicit
1442 1154 1560 1274 alte,

402 1335 697 1471 Funditque
722 1330 953 1431 ardorem
976 1329 1146 1467 louge,
1172 1327 1430 1465 longeque
1454 1326 1676 1430 favillam

402 1506 610 1629 Differt,
637 1529 690 1607 et
714 1542 877 1607 crassa
900 1505 1057 1606 volvit
1081 1505 1296 1641 caligine
1315 1503 1545 1637 fumum3

402 1683 752 1822 Extruditque
778 1681 927 1780 simul
952 1678 1185 1779 mirando
1209 1648 1437 1814 pondere
1461 1715 1612 1778 saxa:

403 1856 489 1960 Ne
516 1856 735 1975 dubites,
763 1855 888 1992 quin
915 1852 1024 1954 haec
1050 1853 1236 1952 animai
1260 1851 1469 1953 turbida
1493 1855 1558 1953 sit
1581 1856 1671 1955 vis.

478 2031 744 2152 Praeterea,
770 2067 956 2167 magna
981 2068 1046 2129 cx
1070 2027 1202 2165 parti
1230 2064 1367 2129 mare
1394 2030 1579 2129 montis
1605 2030 1669 2130 ad
1695 2029 1804 2168 ejus

402 2205 618 2307 Radices
643 2206 835 2343 frangit
858 2206 1061 2323 fluctus,
1088 2223 1373 2341 costumque
1397 2204 1654 2306 resorbet:

404 2380 486 2482 Ex
512 2380 608 2483 hoc
633 2418 797 2519 usque
821 2379 948 2479 mari
973 2376 1228 2516 speluucae
1253 2379 1438 2479 montis
1457 2378 1521 2479 ad
1547 2379 1672 2480 altas

404 2555 718 2658 Perveniunt
742 2553 918 2654 subter
941 2553 1161 2675 fauceis;
1201 2550 1295 2654 hac
1321 2553 1394 2653 ire
1421 2553 1685 2655 fatendum
1711 2579 1802 2676 est,

405 2728 519 2831 “Et
543 2752 807 2868 penetrare
832 2729 957 2828 mari
984 2730 1190 2866 penitus
1214 2766 1293 2827 res
1318 2730 1456 2866 cogit
1479 2752 1687 2865 aperto:

403 2906 577 3047 Atque
597 2906 771 3007 efflare
795 2903 945 3025 foras,
971 2902 1192 3042 ideoque
1218 2901 1460 3003 extollere
1486 2905 1731 3024 flammas,

406 3079 643 3221 Saxaque
670 3079 968 3217 subjectare,
996 3101 1047 3178 et
1070 3117 1239 3180 arenae
1263 3079 1441 3178 tollere
1467 3077 1682 3179 nimbos.
1713 3150 1716 3154 ι

406 3254 468 3356 Iu
496 3294 693 3356 summo
719 3278 836 3354 sunt
860 3254 1207 3353 verticeenim
1233 3276 1466 3371 crateres,
1493 3276 1552 3353 ut
1576 3255 1674 3391 ipsi

407 3427 749 3548 Nominitaut,
776 3466 867 3527 uos
893 3463 1020 3566 quas
1045 3423 1232 3528 fauceis
1256 3425 1601 3566 perhibemus,
1629 3451 1681 3526 et
1705 3466 1808 3529 ora.

477 3605 612 3705 Sunt
647 3603 845 3742 aliquot
889 3636 1096 3739 quoque
1136 3639 1231 3722 res,
1278 3639 1497 3742 quarum
1540 3641 1693 3703 unam
1734 3604 1901 3705 dicere

546 3815 746 3879 causam

409 3950 531 4054 Non
559 3954 678 4052 satis
703 3973 797 4070 est,
824 3986 1000 4051 verum
1024 3947 1235 4084 plureis,
1261 3950 1400 4051 unde
1427 3988 1528 4053 una
1556 3973 1722 4051 tamen
1750 3953 1829 4053 sit.

411 4124 611 4263 Corpus
636 4150 694 4227 ut
718 4125 1009 4236 exanimum.
1029 4123 1071 4222 si
1097 4121 1236 4260 quod
1261 4124 1440 4261 procul
1467 4125 1575 4263 ipsc
1592 4125 1769 4262 jacere,

411 4301 704 4441 Conspicias
730 4300 975 4424 homiuis3
1011 4299 1073 4400 fit
1097 4321 1157 4398 ut
1181 4299 1373 4398 omneis
1398 4298 1564 4399 dicere
1590 4336 1764 4400 causas

413 4476 697 4579 Conveniat
720 4473 864 4594 lethi,
892 4475 1089 4574 dicatur
1114 4496 1174 4573 ut
1198 4475 1332 4576 illius
1357 4512 1474 4577 una.

410 4650 549 4756 Nam
578 4689 747 4791 neque
772 4686 890 4749 eum
914 4646 1066 4767 ferro,
1091 4685 1185 4748 nec
1210 4647 1397 4788 frigore
1423 4651 1622 4751 vincere
1647 4655 1807 4790 possis

411 4824 687 4946 Interiisse,
712 4861 881 4964 neque
908 4862 938 4924 a
962 4821 1156 4945 morbo,
1183 4863 1353 4965 neque
1378 4825 1508 4927 forte
1533 4865 1758 4953 venen03
1870 4912 1873 4916 .

411 4999 607 5103 Verum
634 5000 828 5141 aliquid
849 5038 1035 5139 genere
1055 5039 1161 5102 esse
1180 5040 1246 5101 ex
1264 4999 1376 5121 hoc,
1399 5002 1539 5139 quod
1563 5003 1778 5140 contigit
1801 5003 1883 5141 eji,

413 5173 641 5277 Scimus:
681 5181 803 5278 item
826 5177 880 5277 in
905 5178 1079 5279 multis
1104 5175 1201 5280 hoc
1226 5175 1377 5279 rebus
1404 5176 1570 5280 dicere
1596 5175 1859 5280 habemus.
