4598 6112
743 493 1070 625 „ursssn
1128 495 1483 591 uulnus.

397 750 551 855 Muta
577 774 717 861 metu
740 773 928 857 terram
953 753 1171 893 genibus
1197 754 1443 857 submissa
1466 755 1705 897 petebat:

399 929 517 1033 Nec
542 931 740 1033 miserae
766 929 1004 1068 prodesse
1027 929 1080 1067 in
1104 929 1198 1031 tali
1223 930 1452 1075 tempore
1476 929 1674 1070 quibat,

284 1226 290 1235 ,
397 1101 553 1225 Quod
577 1105 744 1243 patrio
769 1104 1007 1243 princeps
1031 1101 1244 1202 dondrat
1265 1104 1471 1203 nomine
1496 1141 1697 1242 regem:

400 1273 540 1377 Nam
559 1275 759 1378 sublata
776 1277 940 1379 virum
965 1272 1199 1377 manibus
1224 1275 1664 1417 tremebundaque
1689 1279 1756 1381 ad
1781 1317 1890 1381 aras
1997 1249 2002 1261 ¹

398 1448 638 1553 Deducta
656 1474 748 1588 est,
775 1490 879 1552 non
903 1471 979 1575 ut,
1007 1450 1201 1551 solenni
1227 1489 1365 1552 more
1392 1490 1646 1555 sacrorum
2038 1437 2041 1443 ⁵

397 1617 647 1747 PerfectO,
673 1639 844 1764 posset
859 1628 1001 1726 claro
1026 1626 1253 1726 comitari
1278 1623 1561 1766 hymenaee,

400 1797 503 1902 Sed
530 1824 665 1903 casta
689 1802 879 1904 inceste
904 1797 1135 1899 nubendi
1159 1820 1388 1938 tempore
1414 1801 1469 1900 in
1494 1803 1605 1939 ipso

273 2114 275 2119 .
400 1971 585 2076 Hostia
608 1973 898 2076 concideret
920 1993 1142 2073 mactatu
1168 1996 1343 2075 moesta
1360 1977 1603 2111 parentis,

400 2147 584 2252 Exitus
608 2172 668 2251 ut
692 2149 836 2251 classi
859 2147 984 2248 felix
1007 2145 1305 2288 faustusque
1331 2151 1554 2253 daretur.

396 2319 620 2468 Tantum
645 2323 843 2460 relligio
868 2321 1039 2459 potuit
1060 2322 1272 2425 suadere
1296 2327 1559 2428 malorum.

466 2495 707 2631 Tutemet
731 2534 761 2596 a
785 2493 931 2596 nobis
948 2496 1057 2634 jam
1084 2498 1262 2635 quovis
1286 2520 1514 2638 tempore
1540 2525 1715 2605 uatum

353 2732 357 2749 ι
398 2669 712 2810 Terriloquis
735 2671 897 2785 victus
924 2669 1073 2772 dietis
1099 2667 1372 2774 desciscere
1399 2680 1630 2815 quaeres?

402 2842 610 2985 Quippe
636 2844 822 2945 etenim
850 2881 1004 2983 quam
1023 2846 1186 2947 multa
1208 2845 1304 2946 tibi
1321 2826 1428 2985 jam
1455 2847 1649 2988 fingere
1673 2887 1879 2987 possum

401 3017 624 3142 Somnia,
652 3056 769 3158 quae
792 3019 911 3120 vitae
937 3021 1156 3121 rationes
1179 3042 1375 3122 vertere
1400 3022 1612 3159 possint,
1734 3105 1737 3109 .

401 3196 753 3337 Fortunaeque
777 3219 892 3297 tuas
915 3193 1108 3294 omneis
1136 3191 1344 3296 turbare
1369 3194 1583 3296 timore?
1649 3189 1651 3193 ’

401 3368 471 3473 Et
494 3373 706 3472 merito:
744 3407 863 3471 nem
882 3367 929 3469 si
953 3387 1143 3467 certam
1161 3365 1322 3467 *finem
1346 3405 1453 3470 esse
1480 3370 1711 3471 viderent

398 3545 765 3647 AErumnnrum
790 3542 1035 3664 homines,
1062 3542 1236 3683 aliqua
1260 3543 1453 3643 ratione
1478 3542 1706 3645 valerent

400 3713 789 3856 Relligiouibus,
813 3736 971 3856 atque
994 3717 1144 3819 minis
1172 3716 1415 3820 obsistere
1440 3737 1644 3818 vatum:

403 3886 560 3992 Nunc
584 3891 713 3991 ratio
737 3889 881 3990 nullu
904 3914 981 3993 est
1005 3892 1244 4014 restandi,
1267 3893 1413 3995 nulla
1435 3887 1664 4012 facultas,

328 4028 333 4049 ⁸
403 4061 643 4204 AEternas
669 4063 912 4201 quoniam
936 4102 1110 4202 poeuas
1134 4067 1189 4166 in
1214 4088 1375 4167 morte
1401 4062 1700 4168 timendum.

404 4233 677 4377 Ignoratur
700 4215 982 4375 enimiquae
1006 4239 1072 4339 sit
1094 4260 1278 4339 natura
1300 4238 1503 4358 animai,

404 4410 544 4515 Nata
567 4414 649 4536 sit,
672 4451 755 4534 an,
781 4434 971 4535 contre,
997 4411 1319 4515 nascentibus
1344 4413 1644 4536 insinuetur,

403 4584 474 4688 Et
497 4588 647 4688 simul
670 4589 888 4688 intereat
910 4583 1175 4686 uobiscum
1200 4608 1361 4689 morte
1384 4588 1654 4728 dirempta,

400 4759 484 4862 An
510 4757 744 4863 tenebras
770 4757 895 4863 Oroi
918 4729 1061 4881 risat,
1086 4781 1352 4901 vastasque
1376 4763 1598 4886 lacunas,

402 4931 487 5035 An
511 4936 732 5074 pecudes
758 4935 879 5038 alias
905 4933 1146 5036 divinitus
1170 4936 1394 5040 insinuet
1417 4976 1493 5064 se3

405 5105 604 5248 Ennius
625 5131 686 5211 ut
708 5132 881 5213 noster
903 5111 1101 5233 cecinit,
1129 5113 1219 5251 qui
1243 5115 1437 5255 primus
1460 5152 1657 5220 amoeno
