4598 6112
752 512 1045 615 ‘urana
1109 467 1541 617 onunrns.
1792 515 1890 617 roa

399 783 523 904 Illis,
552 784 695 924 queis
721 822 871 884 suave
897 805 987 905 est,
1013 784 1279 885 iaevissirna
1305 804 1514 923 corpora
1541 780 1746 886 debent
1837 856 1839 860 ι

398 957 843 1061 Contrectabiiiter
863 958 1030 1059 caulas
1056 960 1245 1060 intrare
1272 961 1458 1097 palati:

396 1134 469 1235 At
492 1157 682 1258 contra,
710 1131 900 1274 quibus
925 1157 1000 1234 est
1024 1133 1202 1234 eadem
1225 1171 1306 1234 res
1330 1135 1468 1236 intus
1494 1133 1691 1256 acerba,

396 1310 592 1446 Aspera
619 1311 857 1411 nimirum
884 1330 1154 1447 penetrant
1178 1306 1484 1449 hamataque
1510 1309 1715 1410 fauceis.
1817 1330 1818 1335 '
1870 1296 1874 1301 ’

468 1481 627 1587 Nunc
651 1485 798 1587 facile
825 1525 889 1585 ex
915 1483 992 1584 his
1017 1504 1093 1583 est
1117 1480 1269 1582 rebus
1294 1520 1593 1621 cognoscere
1614 1517 1856 1621 quaeque,

399 1654 624 1797 Quippe,
651 1658 891 1799 ubiquoi
916 1655 1087 1807 febris,
1113 1653 1204 1756 bili
1229 1681 1517 1794 superante,
1544 1680 1716 1758 coorta
1741 1677 1831 1775 est,

397 1835 508 1931 Aut
532 1834 630 1933 alia
654 1834 850 1934 ratione
876 1833 1047 1970 aliqua
1072 1854 1148 1932 est
1170 1833 1245 1932 vis
1271 1828 1438 1933 excita
1463 1829 1657 1956 morbi3

397 2003 734 2110 Perturbatur
757 2008 830 2110 ibi
854 2032 1018 2110 toturn
1035 2007 1144 2145 jam
1170 2028 1374 2145 corpus,
1401 2028 1454 2106 et
1464 2005 1650 2107 ‘omnes

400 2179 794 2283 Commutantur
817 2182 888 2284 ibi
914 2185 1156 2322 positurae
1182 2181 1577 2320 principiorum:

400 2355 498 2478 Fit,
524 2360 665 2497 prius
691 2360 753 2458 ad
782 2398 984 2461 sensum
1002 2358 1070 2459 'ut
1096 2395 1213 2498 quae
1239 2392 1449 2492 corpora
1472 2352 1841 2513 conveniebant

400 2529 558 2633 Nunc
584 2568 690 2634 non
711 2537 1029 2655 conveniant,
1056 2556 1110 2633 et
1134 2552 1317 2674 caetera
1342 2529 1442 2629 sint
1466 2530 1626 2668 magis
1652 2553 1787 2667 apta,

401 2705 533 2827 Quae
558 2726 825 2847 penetrata
850 2731 1049 2849 queunt
1073 2710 1272 2808 sensum
1293 2707 1598 2845 progignere
1624 2706 1894 2834 acerbum3

398 2879 635 3021 Utraque
660 2885 795 2986 enim
821 2884 1017 2986 suntin
1043 2883 1207 2983 mellis
1233 2882 1493 2981 commista
1516 2918 1710 3019 sapore,

290 3168 305 3193 ⁶
400 3052 459 3156 Id
490 3056 628 3194 quod
648 3057 756 3194 jam
781 3096 965 3195 supera
988 3056 1080 3156 tibi
1109 3052 1244 3192 saepe
1269 3054 1580 3157 ostendimus
1606 3079 1740 3159 ante.

471 3228 629 3332 Nunc
654 3268 765 3369 age,
793 3269 896 3371 quo
921 3255 1073 3370 pacto
1101 3228 1517 3367 nareis'adjectus
1541 3229 1709 3331 odoris

398 3400 616 3541 Tangat,
638 3443 801 3544 agam.
855 3404 1106 3506 -Primum
1125 3443 1204 3506 res
1220 3406 1408 3507 multas
1426 3443 1533 3506 esse
1549 3443 1749 3508 necesse
1769 3428 1847 3507 est

402 3575 555 3680 Unde
582 3580 745 3679 fluens
770 3579 938 3679 volvat
960 3581 1126 3680 varius
1153 3621 1204 3683 se
1229 3585 1414 3685 fluctus
1440 3584 1684 3715 odorum3

401 3750 541 3853 Nam
566 3753 743 3873 fluere,
761 3776 830 3854 -et
846 3755 979 3855 mitti
997 3755 1164 3894 volgo,
1185 3758 1459 3897 spargique
1478 3757 1767 3896 putandum
1786 3783 1892 3863 est:

400 3922 594 4028 Verum
620 3927 728 4026 aliis
753 3922 881 4029 alius
905 3931 1065 4069 magis
1091 3956 1168 4034 est
1182 3904 1533 4063 'animantibus
1552 3946 1718 4071 aptus,

373 4136 376 4146 ·
402 4093 704 4200 Dissimileis
728 4124 941 4239 propter
963 4101 1165 4230 formas,
1192 4107 1411 4247 ideoque
1430 4072 1532 4245 per·
1542 4145 1687 4210 auras

401 4270 574 4375 Mettis
599 4312 719 4412 apes
746 4277 974 4412 quamvis
997 4277 1150 4418 longe
1177 4281 1437 4383 ducuntur
1459 4280 1644 4408 odore;

399 4447 729 4589 Volturiiqne
755 4449 1111 4554 cadaveribus:
1150 4479 1260 4558 tum
1286 4457 1400 4559 fissa
1423 4455 1647 4557 ferarum

393 4622 613 4764 Ungula
639 4663 743 4765 quo
768 4627 943 4726 tulerit
967 4665 1210 4765 gressum,
1238 4631 1482 4769 permissa
1506 4661 1688 4732 canum
1714 4632 1788 4734 vis

403 4797 565 4901 Ducit
578 4843 593 4925 ;
631 4822 683 4900 et
705 4798 985 4903 humanum
1009 4804 1161 4943 longe
1179 4806 1445 4943 praesentit
1462 4803 1669 4906 odorem

402 4971 790 5099 Romulidarum
815 4977 940 5078 arcis
965 4996 1201 5119 servator,
1229 4978 1473 5080 candidus
1498 5015 1661 5083 anser.

474 5148 558 5254 Sic
582 5151 692 5253 aliis
717 5151 845 5253 alius
869 5152 1019 5254 nidor
1043 5152 1192 5254 datus
1215 5153 1281 5256 ad
1299 5191 1390 5256 sua
1408 5156 1668 5295 quemque
1781 5272 1784 5277 ⁴

1119 5339 1140 5381 ἵ
1150 5334 1166 5383 fl
