4598 6112
753 536 1055 645 LIBER,
1095 532 1525 628 QUARTUS.
1791 535 1881 645 171

398 798 646 939 Dissupat
670 801 940 901 adveniens
965 799 1151 937 liquor,
1179 834 1236 897 ac
1255 798 1541 935 restinguit,
1564 822 1622 899 ut
1646 800 1848 941 ignem3

396 969 561 1073 Urere
586 1013 650 1073 ne
676 974 834 1112 possit
857 973 992 1073 calor
1017 971 1235 1107 amplius
1260 971 1430 1072 aridus
1454 996 1609 1077 artus,

399 1144 482 1246 Sic
507 1148 665 1285 igitur
687 1146 781 1246 tibi
807 1144 989 1247 anhela
1014 1146 1119 1246 sitis
1145 1145 1209 1245 de
1236 1182 1445 1284 corpore
1471 1169 1653 1277 nostro

263 1312 271 1323 ⁸
397 1320 655 1443 Abluitur,
677 1324 747 1423 sic
772 1322 1010 1460 expletur
1025 1319 1204 1458 jejuna
1229 1322 1432 1459 cupido.

469 1497 625 1600 Nunc
652 1500 742 1637 qul
765 1498 870 1617 fiat,
897 1497 974 1596 uti
1000 1531 1174 1633 passus
1198 1494 1425 1632 proferre
1451 1533 1713 1637 queamus,

401 1671 533 1775 Cum
558 1674 807 1801 volumus,
827 1671 1066 1809 varieque
1092 1669 1267 1772 datum
1294 1673 1358 1773 sit
1381 1672 1608 1773 membra
1632 1710 1862 1794 movere;

399 1845 469 1947 Et
493 1885 611 1986 quae
637 1886 715 1948 res
741 1868 939 1947 tantum
966 1841 1062 1945 hoc
1086 1847 1251 1946 oneris
1276 1847 1577 1985 protrudere
1601 1848 1787 1946 nostri.

401 2019 640 2160 Corporis
665 2022 891 2140 insuerit,
920 2019 1113 2120 dicam:
1152 2040 1210 2121 tu
1237 2023 1442 2159 percipe
1469 2021 1618 2122 dicta.
1752 2038 1759 2047 '

377 2210 380 2215 ’
469 2194 602 2297 Dico
628 2197 795 2296 animo
820 2217 990 2295 nostro
1015 2193 1238 2330 primum
1266 2196 1530 2296 simulacra
1547 2193 1751 2296 meandi

397 2368 659 2490 Accidere,
688 2393 840 2510 atque
867 2370 1091 2470 animum
1116 2370 1338 2506 pulsare,
1363 2393 1423 2473 ut
1448 2370 1669 2469 diximus
1695 2391 1841 2492 ante:

397 2541 527 2644 Inde
551 2545 782 2645 voluntas
809 2545 896 2667 fit;
934 2582 1102 2683 neque
1128 2546 1262 2644 enim
1288 2542 1452 2646 facere
1477 2545 1656 2682 incipit
1680 2543 1836 2644 ullam

399 2715 527 2818 Rem
548 2720 835 2858 quisquam,
859 2758 1014 2858 quam
1033 2757 1175 2819 mens
1193 2718 1430 2857 providit,
1452 2719 1734 2859 quidvelit,
1755 2739 1887 2818 ante.

398 2891 485 3012 At,
513 2894 651 3031 quod
679 2894 929 3030 providet,
956 2894 1093 2994 illius
1117 2894 1190 2993 rei
1216 2916 1412 2993 constat
1437 2893 1620 3032 imago·

400 3063 539 3204 Ergo
566 3067 763 3167 animus
789 3106 945 3206 quom
974 3106 1079 3170 sese
1104 3071 1176 3167 ita
1200 3056 1495 3188 commovet,
1521 3091 1581 3169 ut
1602 3071 1726 3171 velit
1749 3073 1839 3196 ire,

399 3238 565 3380 Inque
591 3241 754 3378 gredi,
781 3241 902 3341 ferit
925 3242 1199 3383 extemplo,
1227 3279 1345 3380 quae
1371 3241 1423 3339 in
1450 3278 1662 3381 corpore
1687 3265 1795 3345 toto

398 3413 499 3516 Per
524 3414 768 3536 membra,
795 3439 950 3555 atque
975 3440 1131 3537 artus,
1158 3416 1342 3516 animai
1368 3416 1544 3517 dissita
1567 3419 1641 3519 vis
1665 3442 1768 3522 est:

271 3641 272 3644 Ν
399 3587 469 3690 Et
491 3590 638 3691 facile
664 3613 742 3689 est
764 3590 919 3711 factu,
948 3592 1189 3731 quoniam
1216 3590 1484 3727 conjuncta
1508 3614 1724 3695 tenetur.

399 3761 528 3864 lnde
554 3785 613 3863 'ea
638 3802 885 3902 proporro
908 3805 1093 3905 corpus
1118 3765 1251 3885 ferit,
1278 3786 1433 3904 atque
1458 3766 1530 3865 ita
1552 3789 1660 3867 tota

397 3936 672 4040 Paullatim
699 3940 854 4039 moles
878 3939 1202 4077 protruditur
1226 3963 1381 4080 atque
1407 3966 1649 4046 movetur.

398 4112 668 4234 Praeterea,
695 4136 803 4214 tum
831 4115 1038 4214 rarescit
1063 4152 1270 4254 quoque
1296 4153 1495 4251 corpus
1523 4140 1574 4217 et
1599 4123 1701 4242 adr,

400 4285 603 4389 Scilicet
629 4310 687 4388 ut
711 4285 863 4387 dehet
888 4290 976 4424 qui
1004 4327 1203 4427 semper
1228 4286 1427 4391 mobilis
1454 4315 1635 4416 exstat,
1740 4280 1743 4287 ’

397 4459 498 4562 Per
521 4462 774 4600 patefacta
795 4461 950 4582 venit,
976 4485 1316 4603 penetratque
1339 4465 1587 4569 foramina
1611 4471 1783 4611 largus
1802 4513 1816 4598 ;

398 4631 468 4735 Et
493 4633 804 4772 dispergitur
829 4634 892 4735 ad
920 4638 1108 4774 parteis
1132 4637 1204 4738 ita
1223 4675 1453 4778 quasque
1478 4642 1698 4746 minutas

400 4806 668 4947 Corporis:
709 4807 828 4909 hino
852 4809 1012 4947 igitur
1034 4809 1186 4912 rebus
1203 4813 1265 4912 fit
1288 4816 1547 4954 utrimque
1567 4818 1781 4941 duabus,

401 4979 600 5119 Corpus
625 4983 717 5094 uti,
744 5005 803 5083 ut
827 4985 967 5085 navis
990 4986 1131 5105 velis,
1157 5010 1428 5127 ventoque,
1455 4989 1661 5096 feratur.
1684 5053 1711 5073 .

467 5153 521 5258 N
526 5193 582 5258 ec
609 5178 775 5257 tamen
804 5156 931 5258 illud
958 5158 1012 5259 iu
1039 5158 1116 5258 his
1141 5158 1292 5261 rebus
1317 5162 1546 5267 mirabile
1567 5192 1783 5292 constat,
1826 5182 1830 5188 '

1119 5346 1136 5386 8
1149 5341 1165 5388 2
